4075 5717
1009 689 1218 768 ...82-

528 879 557 945 si
573 877 742 946 aduersum
759 883 823 947 oiri
841 881 943 964 faeiat
963 885 1162 966 uoluntatem,
1195 885 1288 949 idest
1310 884 1392 972 quod
1405 859 1516 968 placet
1537 906 1603 949 non
1619 863 1701 971 quod

527 982 661 1047 iubetur.
1666 994 1668 998 '

609 1082 730 1146 Deinde
750 1083 852 1166 pergit
873 1083 1160 1167 Periplecomeuus:

666 1184 732 1235 Nam
753 1183 816 1236 mihi
836 1183 912 1236 deum
934 1185 1031 1237 uirtute
1050 1185 1135 1238 dicam
1155 1190 1264 1254 propter
1283 1185 1389 1237 divitias
1409 1199 1480 1236 meas
1540 1223 1542 1225 »

597 1306 599 1309 v
621 1303 626 1308 ·
671 1270 759 1323 Licuit
776 1286 885 1323 uxorem
906 1270 1023 1323 dotatam
1042 1288 1139 1339 genere
1158 1288 1259 1324 summo
1279 1272 1383 1333 ducere,

531 1368 672 1440 quocum·
685 1355 792 1420 statim
816 1356 984 1439 coniungas
1006 1360 1047 1422 v.¹
1060 1359 1138 1423 685:

668 1455 735 1508 Nam
755 1457 824 1509 bona
842 1473 909 1509 uxor
928 1473 1009 1509 suave
1029 1457 1146 1524 ductast,
1166 1459 1189 1511 si
1208 1458 1243 1511 sit
1260 1473 1371 1526 usquam
1391 1457 1521 1525 gentium,

571 1602 575 1610 ⁵
667 1541 718 1594 Ubi
738 1558 769 1594 ea
787 1543 872 1610 possit
890 1544 1011 1596 inveniri.
1349 1605 1351 1609 ¹

603 1628 662 1693 His
674 1627 816 1693 versibus
829 1629 993 1714 respondet
1005 1630 1230 1716 Theophrastei
1243 1630 1411 1714 fragmenti
1424 1629 1570 1694 initium:
1584 1627 1701 1690 Fertur

530 1729 679 1802 aureolus
705 1726 913 1809 ,theophrasti
941 1729 1019 1793 iiber
1041 1729 1080 1794 de
1102 1732 1243 1814 nuptiis,
1274 1732 1310 1794 iu
1331 1751 1392 1812 quo
1414 1730 1539 1816 quaerit
1577 1749 1622 1792 ou
1650 1728 1701 1790 eir

527 1829 657 1910 sapiens
685 1827 779 1892 ducat
795 1823 949 1908 urrerem,
981 1837 1100 1894 etcum
1122 1830 1294 1911 definisset,
1324 1831 1355 1894 si
1379 1829 1517 1914 pulchra
1545 1833 1638 1908 esset,
1673 1826 1711 1890 si¹

527 1927 602 1991 hene
623 1935 763 2006 morato,
786 1928 817 1992 si
837 1929 974 1993 honestis
995 1931 1199 2014 parentibus,
1216 1931 1251 2009 'si
1268 1931 1335 2014 ipse
1355 1950 1455 1993 sanus
1476 1950 1512 1992 ae
1533 1929 1635 2006 diaes,
1657 1928 1702 1990 sic

527 2027 698 2112 sapientem
729 2029 905 2109 aliquando
932 2029 1015 2108 inire
1043 2031 1290 2108 matrimonium,
1320 2031 1428 2093 statim
1456 2028 1580 2093 intui-it:
1613 2027 1702 2091 Haec

529 2128 689 2192 antemio
710 2128 831 2211 nuptiis
852 2149 929 2192 raro
949 2130 1100 2193 uniuerso
1121 2129 1320 2194 concordent.
1364 2129 1439 2193 Non
1460 2135 1503 2193 est
1524 2148 1597 2210 erpo
1619 2147 1702 2191 uxor

530 2226 675 2290 ducendo
697 2228 844 2311 sapienti.

613 2326 794 2398 Similitudo
828 2327 911 2391 inter
930 2327 1092 2393 Plautinos
1115 2348 1225 2394 vorsus
1247 2334 1278 2391 et
1300 2325 1572 2412 Theophrasteum
1597 2326 1700 2390 locum

529 2448 590 2490 uon
613 2426 713 2495 solum
738 2434 857 2516 esest,
888 2427 970 2511 quod
993 2435 1139 2512 „propter
1162 2428 1290 2492 divitias
1312 2425 1416 2492 meas“
1440 2426 1568 2512 respicit
1589 2425 1628 2488 ad
1652 2423 1699 2505 „si

530 2527 597 2612 ipse
620 2525 726 2591 dives“
760 2533 790 2590 et
807 2548 961 2608 ,mirorem
986 2547 1097 2609 genere
1118 2525 1261 2592 summo“
1294 2528 1333 2590 ad
1356 2526 1403 2609 „si
1427 2524 1567 2591 honestis
1588 2546 1699 2610 paren-

529 2625 635 2691 tibus“
658 2635 689 2691 et
710 2628 811 2716 „bona
832 2625 930 2692 nxor“
952 2628 990 2691 ad
1013 2627 1062 2709 „si
1085 2628 1162 2691 bene
1183 2615 1333 2706 morata‚“
1365 2627 1418 2691 sed
1442 2627 1537 2690 etiam
1561 2626 1641 2710 quod
1665 2625 1698 2689 in

530 2735 661 2812 utroque
691 2727 756 2792 loco
780 2727 829 2816 vir
860 2727 894 2790 in
925 2727 1145 2810 cogitationem
1176 2727 1302 2812 quidem
1333 2727 1440 2792 uxoris
1470 2726 1629 2790 ducendae
1651 2725 1699 2789 in-

533 2826 611 2891 cidit
641 2825 736 2910 idque
767 2847 1002 2910 nonnumquam
1029 2828 1141 2895 saltem
1163 2849 1202 2892 ne
1224 2827 1452 2912 repudiandum
1483 2826 1610 2911 quidem
1633 2845 1700 2902 esse

531 2924 688 3007 concedit,
724 2933 863 2990 attamen
893 2947 964 2990 cum
1005 2926 1165 2993 rarissime
1200 2927 1396 2992 condiciones
1425 2925 1617 2991 necessariae
1648 2946 1699 2988 ex·

531 3025 686 3110 pleantur,
709 3025 1027 3098 consiliumomittit.
1226 3088 1228 3094 ,
1608 3010 1613 3022 ’

614 3125 759 3190 Proxime
798 3133 902 3189 autem
932 3126 1197 3205 adsentantium,
1233 3147 1312 3210 quae
1341 3133 1389 3190 est
1430 3125 1542 3202 bonam
1572 3145 1698 3204 uxorem

531 3225 689 3289 rarissime
712 3225 859 3306 inveniri,
882 3225 964 3290 alius
986 3225 1072 3290 loeus
1094 3227 1261 3310 fragmenti
1283 3226 1411 3291 accedit.
1470 3250 1472 3255 ·

612 3326 657 3388 Cf.
682 3322 776 3405 §562
792 3339 795 3346 ⁴
809 3325 875 3388 Aut
903 3327 937 3390 si
964 3326 1043 3390 bona
1071 3325 1172 3408 fuerit
1192 3332 1220 3390 et
1241 3327 1352 3390 suavis
1373 3345 1464 3403 uuor,
1494 3344 1574 3409 quae
1594 3312 1700 3387 taurea

529 3445 609 3487 rura
630 3426 698 3488 avis
720 3430 774 3488 est.
789 3424 814 3505 l)
1610 3413 1614 3419 ’
1663 3498 1665 3502 Ι

530 3525 615 3601 Quod
638 3526 835 3590 enuntiatum
858 3547 1047 3610 quamquam
1068 3527 1150 3610 apud
1167 3526 1415 3610 Theophrastum
1438 3525 1472 3589 in
1494 3524 1556 3589 alio
1580 3545 1698 3590 conexu

530 3623 645 3706 legitur
666 3633 759 3708 atque
785 3627 867 3710 apud
891 3626 1039 3689 Plautum
1060 3627 1255 3711 -pergitur
1278 3627 1378 3691 enim:
1409 3647 1479 3690 cum
1499 3615 1700 3710 parturiente

531 3725 696 3806 demimus,
718 3746 786 3788 cum
801 3726 1006 3808 periclitante
1025 3730 1206 3810 torquemur
1231 3762 1272 3773 —-
1295 3737 1401 3792 tamen
1422 3726 1497 3791 adeo
1520 3725 1615 3816 etiam
1645 3739 1700 3808 per

530 3823 654 3906 singula
684 3825 834 3890 vocabula
865 3847 937 3889 oum
960 3844 1058 3889 versu
1085 3826 1231 3892 Plautino
1261 3826 1431 3908 consentit,
1459 3816 1494 3889 ut
1527 3824 1604 3910 quin
1632 3827 1699 3887 tous
1726 3846 1729 3851 ·

531 3925 598 3989 eius
621 3926 726 4008 fuerit,
749 3917 887 3992 dubitari
909 3950 971 3994 non
993 3926 1099 4010 possit.

529 4035 697 4044 —.—

600 4073 627 4140 l)
646 4072 685 4126 Gi.
704 4074 820 4129 Iuvenal.
841 4080 889 4129 sat.
912 4077 946 4148 VI
967 4076 1032 4129 162:

563 4167 565 4170 ’
738 4163 773 4215 sit
793 4163 916 4228 formosa,
936 4163 1041 4229 decens,
1060 4164 1142 4229 dives,
1161 4163 1284 4228 fecunda,
1303 4166 1421 4216 vetustos

603 4262 605 4266 ’
699 4278 701 4282 ⁴
739 4249 886 4316 porticibus
906 4249 1121 4319 dispensativae,
1141 4252 1267 4304 intactior
1284 4251 1354 4303 omni

741 4335 860 4388 crinibus
879 4335 969 4388 effusis
989 4336 1085 4388 beilum
1108 4338 1247 4390 dirimente
1266 4337 1373 4399 Sabina,

721 4438 798 4474 rara
819 4423 874 4475 avis
893 4424 921 4475 in
940 4425 1017 4476 terris
1037 4424 1165 4492 nigroque
1184 4423 1319 4476 simillima
1336 4440 1433 4492 cygno.
1623 4487 1627 4513 ι

529 4505 680 4575 Iuvenalem
701 4509 769 4560 enim
787 4509 836 4562 hac
854 4509 881 4561 in
895 4514 986 4561 satura
1000 4509 1116 4562 Senecae
1130 4511 1162 4562 de
1182 4510 1349 4563 matrimonio
1364 4510 1459 4563 librum
1475 4509 1630 4563 adhibuisse
1649 4510 1699 4562 ita·

530 4610 580 4662 que
599 4609 631 4645 ex
650 4594 833 4663 Theophrasto
852 4595 967 4664 pendere
980 4594 1177 4652 ,demonstravit
1197 4596 1311 4648 Bactrius
1330 4612 1390 4664 pag.
1410 4597 1444 4648 44
1463 4612 1502 4664 sq.
