4075 5717
1007 664 1215 726 ..40-

531 863 650 928 corpus,
673 840 796 906 divitiis
818 865 878 907 nou
898 849 1022 906 tantum
1045 842 1168 920 tribuit,
1191 850 1343 927 quantum
1365 864 1383 905 a
1407 841 1606 926 philosopho,
1640 839 1694 922 qui

531 963 690 1006 summum
726 943 840 1006 bonum
874 941 907 1004 in
939 941 1100 1027 voluptate
1140 944 1292 1028 ponebat,
1334 942 1577 1026 exspectandum
1613 948 1704 1004 esset.

533 1041 641 1125 Neque
668 1041 753 1105 enim
781 1041 943 1125 ignorabat
973 1063 1196 1128 saepenumero
1225 1042 1353 1107 divitias
1383 1051 1506 1105 tantum
1539 1042 1706 1105 abessent

534 1141 675 1206 homines
699 1141 862 1205 redderent
881 1141 984 1206 beatos
1002 1163 1170 1228 eorumque
1186 1143 1333 1207 tollerent
1354 1163 1529 1222 aerumnas,
1552 1149 1587 1204 ut
1606 1141 1705 1205 multo

533 1242 666 1306 maiores
690 1240 730 1304 iis
751 1241 897 1304 afferrent
916 1241 1086 1321 molestias,

628 1341 672 1405 cf.
706 1343 797 1424 srgm.
832 1343 893 1405 479
926 1341 1133 1427 (Porphyrius
1165 1342 1205 1405 ad
1240 1340 1420 1405 Marcellam
1448 1341 1489 1404 28
1523 1361 1551 1423 p.
1581 1339 1654 1418 208,
1670 1340 1705 1401 17

535 1438 674 1521 Nauck):
708 1439 824 1503 πολλοὶ
850 1443 909 1504 τοῦ
936 1439 1080 1503 πλούτου
1109 1440 1262 1520 τυχόντες
1282 1435 1323 1503 od
1345 1439 1405 1500 τιν’
1426 1437 1621 1520 ἀπαλλαγήν
1642 1441 1708 1498 τῶν

535 1542 642 1602 κακῶν
671 1526 766 1620 εὗρον
787 1539 871 1603 ἄλλα
902 1541 1089 1624 μεταβολήν
1119 1541 1282 1621 μειζόνων.

620 1639 660 1704 Et
681 1641 772 1723 irgm.
795 1641 857 1705 480
879 1640 1005 1727 (Porph.
1028 1643 1068 1706 ad
1092 1644 1186 1705 Marc.
1208 1643 1248 1705 29
1277 1663 1307 1726 p.
1329 1641 1400 1720 209,
1414 1638 1463 1719 5):
1499 1638 1535 1712 ἐξ
1557 1639 1710 1720 ἐργασίας

537 1734 719 1821 θηριώδους
748 1738 862 1812 ου’σίας
890 1745 952 1820 μὲν
982 1740 1112 1826 πλῆθος
1134 1739 1322 1820 σωρειίεται,
1350 1743 1420 1819 βίος
1442 1738 1480 1801 δὲ
1502 1738 1711 1819 ταλαίπωρος

538 1843 741 1903 συνίσταται.

620 1942 730 2025 Itaque
761 1940 796 2005 in
828 1941 951 2005 divitiis
983 1942 1129 2026 parandis
1150 1963 1277 2006 auream
1307 1939 1431 2003 tenebet
1460 1937 1710 2002 mediocritatem

540 2046 572 2102 et
594 2047 762 2121 egestatem
788 2040 916 2124 quidem
939 2042 1039 2105 vitare
1059 2042 1212 2119 studebat,
1236 2040 1348 2104 laetam
1367 2048 1472 2103 autem
1493 2045 1709 2124 paupertatem

540 2139 706 2223 optandam
731 2161 797 2204 esse
828 2140 1048 2205 existimabat:
1081 2151 1203 2205 tantum
1226 2140 1435 2225 expetendum
1458 2146 1522 2219 est,
1556 2146 1711 2222 quantum

540 2239 579 2302 ad
594 2238 694 2303 vitam
711 2239 883 2322 degendam
901 2243 1121 2320 necessarium,
1145 2242 1226 2305 nihil
1248 2240 1395 2325 amplius
1418 2240 1499 2324 quod
1515 2240 1542 2303 si
1558 2239 1712 2303 habemus

540 2361 597 2403 nec
619 2339 705 2404 deest
726 2348 888 2405 contentus
912 2343 1073 2425 laetusque
1095 2343 1228 2419 animus
1253 2341 1336 2406 beati
1358 2361 1476 2406 sumus

626 2441 670 2504 cf.
693 2442 784 2522 frgm.
807 2442 868 2504 475
891 2441 1023 2524 (Seneca
1045 2464 1094 2527 ep.
1117 2445 1145 2521 ⁶2,
1170 2444 1220 2518 dt:
1253 2440 1454 2506 Hodiernum
1475 2441 1532 2506 iaec
1555 2446 1598 2504 est
1627 2441 1713 2521 quod

542 2539 630 2623 apud
652 2539 830 2619 Epicurum
853 2549 987 2606 uuudus
1008 2564 1096 2606 sum:
1129 2544 1210 2607 soleo
1239 2543 1373 2605 enimet
1405 2543 1439 2605 iu
1468 2543 1576 2607 alicua
1606 2546 1714 2603 casira

542 2641 680 2702 transire
721 2661 787 2704 uou
818 2648 979 2726 tamquam
1022 2643 1192 2726 διατείνου
1234 2643 1289 2706 sed
1325 2649 1486 2727 tamquam
1524 2643 1714 2727 explorator.

543 2738 701 2818 Honesta,
734 2742 859 2826 iuquit,
888 2763 939 2805 res
972 2751 1017 2807 est
1048 2747 1132 2808 iaetu
1160 2750 1345 2828 pauperius.
1396 2741 1465 2806 rua
1492 2763 1564 2807 uero
1586 2763 1650 2806 uou
1671 2751 1716 2807 esi

540 2845 731 2923 paupertas,
762 2841 792 2903 si
821 2842 903 2904 lucta
934 2849 985 2906 est.
1030 2842 1104 2907 Nou
1129 2846 1186 2927 qui
1204 2866 1326 2929 purum
1354 2845 1444 2908 itabat
1473 2843 1528 2908 sed
1556 2844 1612 2928 ¹qui
1638 2843 1716 2927 plus

544 2940 630 3023 cupit
649 2960 773 3024 pauper
793 2952 846 3004 est.

628 3039 708 3104 Nota
731 3049 804 3104 sunt
826 3041 882 3106 illa
903 3043 1073 3108 Horatiana
1102 3047 1192 3128 frgm.
1215 3046 1276 3109 472
1297 3043 1359 3129 (ep.
1384 3046 1399 3109 Ι
1423 3044 1470 3126 10,
1493 3041 1566 3124 32):

752 3139 825 3208 Fuge
844 3156 949 3209 magua.
979 3142 1042 3195 licct
1060 3145 1109 3196 sub
1132 3160 1248 3212 paupere
1267 3149 1337 3197 teoto

753 3227 840 3295 Reges
859 3232 886 3280 et
904 3245 995 3296 regum
1016 3231 1072 3282 vita
1092 3247 1261 3298 praecurrere
1280 3232 1387 3283 amicos.

547 3321 578 3376 et
600 3314 692 3394 frgm.
714 3316 775 3378 473
799 3312 861 3399 (ep.
885 3317 899 3379 Ι
922 3317 951 3397 2,
972 3314 1046 3396 46):

755 3413 830 3475 Quod
850 3417 915 3467 satis
934 3424 975 3468 ost
993 3417 1035 3469 cui
1056 3417 1195 3484 contingit,
1214 3418 1279 3470 nihil
1299 3417 1413 3484 amplius
1433 3419 1514 3483 optet.

546 3500 676 3563 Prorsus
694 3500 801 3564 eadem
824 3510 955 3566 monent
973 3512 1081 3587 poetae
1099 3504 1227 3569 cornici:
1250 3527 1285 3567 ac
1300 3503 1439 3588 primum
1455 3523 1506 3567 eos
1521 3502 1602 3566 locos
1616 3500 1717 3584 inspi-

548 3599 676 3680 ciamus,
693 3600 807 3685 quibus
825 3601 953 3666 divitias
965 3623 1056 3688 saepe
1075 3625 1203 3686 magnas
1218 3603 1378 3668 molestias
1395 3603 1516 3666 efficere
1532 3602 1716 3665 affirmatur.

631 3700 675 3765 Cf.
700 3701 863 3765 Menandri
886 3705 975 3785 irgm.
999 3706 1040 3768 90
1061 3703 1161 3786 (Koolr
1185 3706 1232 3768 HI
1255 3725 1323 3789 pag.
1345 3701 1418 3782 28):

757 3799 875 3859 πλοῦτος
893 3799 923 3852 δὲ
941 3800 1049 3854 πολλῶν
1069 3798 1240 3874 ἐπικάλυμμ
1258 3800 1333 3856 ἐστὶν
1353 3799 1455 3855 κακῶν·

549 3885 589 3948 Et
611 3886 752 3951 eiusdem
773 3891 862 3970 irgm.
885 3889 943 3953 281
966 3888 1068 3970 (Kock
1089 3893 1136 3955 ΙΙΙ
1161 3912 1227 3976 pag.
1252 3888 1326 3970 79):

744 3982 822 4058 ᾤμην
841 3982 895 4056 ἐγὼ
915 3983 980 4048 τοὺς
1000 3989 1155 4053 πλουσίους,
1175 3976 1196 4041 td
1217 3988 1321 4054 Φανία,

746 4065 787 4132 οἷς
804 4069 844 4145 μὴ
864 4076 894 4127 τό
911 4074 1089 4139 δανείζεσθαι
1109 4074 1266 4148 πρόσεστιν,
1286 4070 1319 4128 οδ
1337 4073 1448 4127 στένειν

745 4153 795 4219 τὰς
812 4159 916 4221 νιίκτας
934 4157 998 4214 midi
1016 4162 1223 4234 στρεφομένους
1241 4159 1298 4214 ι’ίνω
1317 4158 1392 4213 uduo)

746 4246 822 4318 οἴμοι
842 4247 946 4317 λέγειν,
967 4242 1036 4319 ἡδὺν
1055 4247 1085 4301 δὲ
1103 4250 1151 4301 καί
1167 4246 1258 4321 πρᾷόν
1278 4266 1340 4300 τινα

749 4329 838 4386 ὕπνον
857 4334 1011 4389 καθεύδειν
1032 4330 1112 4405 [ἀλλὰ
1133 4334 1185 4387 τῶν
1202 4334 1315 4406 πτωχῶν
1335 4334 1418 4400 τινα].

748 4423 810 4475 νυνί
828 4421 858 4474 δὲ
877 4424 924 4476 καί
943 4417 1007 4482 τοὺς
1025 4425 1182 4494 μακαρίους
1200 4418 1390 4492 καλουμένους

747 4508 820 4584 ὑμᾶς
839 4505 893 4582 δρῶ
910 4508 1066 4568 πονοῦντας
1085 4505 1151 4580 ἡμῖν
1171 4505 1288 4580 ἐμφερῆ.
