4075 5717
929 658 1136 720 ...51-

642 832 760 901 Cumque
780 849 809 885 eo
829 836 916 886 reveni
937 851 969 888 ex
987 835 1126 887 inimicitia
1144 836 1173 888 in
1190 838 1311 914 gratiam.

640 919 742 984 Videte,
761 935 867 987 quaeso,
886 921 949 988 quid
971 924 1059 989 potest
1078 923 1199 990 pecunia.

640 1004 767 1068 Quoniam
789 1007 854 1059 bene
875 1013 950 1074 gesta
969 1025 996 1060 re
1015 1008 1116 1060 redisse
1135 1026 1175 1062 me
1194 1009 1266 1061 videt

638 1091 803 1161 Magnusque
823 1095 1004 1163 adportavisse
1024 1095 1131 1148 divitias
1150 1096 1265 1161 domum,

638 1179 700 1232 Sine
719 1180 854 1233 advocatis
873 1181 972 1233 ibidem
991 1182 1019 1233 in
1039 1197 1147 1234 cercuro
1166 1183 1194 1235 in
1213 1187 1289 1250 stega

637 1266 668 1319 In
687 1268 828 1320 amicitiam
848 1272 927 1335 atque
944 1268 972 1318 in
992 1269 1103 1334 gratiam
1124 1269 1310 1321 convortimus.

444 1372 527 1447 Quae
550 1393 621 1434 cum
644 1371 682 1434 do
704 1392 777 1434 vora
798 1370 938 1434 amicitia
957 1370 1166 1435 iudicaverint
1178 1371 1388 1457 Peripatetici,
1411 1392 1471 1435 non
1491 1370 1609 1435 mirum

444 1479 499 1548 est,
522 1471 603 1554 quod
626 1493 664 1534 ne
688 1480 804 1534 temore
829 1471 1069 1534 conciliarentur
1087 1470 1182 1534 amici
1206 1471 1381 1535 monebant.
1426 1471 1611 1535 Amicitiam

443 1569 526 1632 onim
560 1591 632 1634 oum
664 1570 790 1635 homine
823 1578 891 1633 turn
923 1570 1049 1633 demum
1084 1570 1264 1634 contrahere
1296 1570 1386 1634 nohis
1415 1569 1507 1648 licet,
1542 1592 1613 1634 oum

443 1670 588 1733 omnibus
623 1691 659 1733 ex
692 1669 833 1754 partibus
865 1669 933 1733 eius
965 1670 1110 1733 animum
1145 1670 1370 1754 perspeximus,
1423 1670 1528 1754 Atque
1557 1671 1614 1734 hoo

443 1766 609 1852 discipulis
629 1769 841 1832 inculcaturus
863 1769 1049 1839 Aristoteles
1075 1769 1263 1854 proverbiali
1288 1768 1442 1833 locutione
1472 1768 1615 1833 adhibita

387 1935 392 1943 ,
442 1868 525 1932 dixit
547 1890 608 1934 non
629 1879 700 1934 ante
723 1870 878 1933 amicitias
897 1890 963 1933 esso
992 1869 1154 1950 ineundas,
1187 1890 1281 1953 quam
1304 1868 1397 1932 multi
1417 1868 1515 1933 modii
1538 1869 1613 1933 salis

443 1971 482 2035 ab
507 1978 637 2056 utroque
660 1971 756 2035 simul
779 1971 893 2035 comesi
914 1971 987 2034 sint.

524 2087 568 2150 Of.
585 2087 670 2163 sEth.
700 2089 768 2152 Nlo.
799 2088 876 2151 VIII
906 2088 935 2163 3,
958 2090 993 2152 8:
1029 2087 1075 2146 ἔτι
1109 2085 1147 2145 δὲ
1180 2084 1376 2164 προσδεῖται
1407 2081 1527 2164 χρόνου
1559 2085 1613 2148 καὶ

443 2191 631 2267 συνηθείας.
664 2188 748 2248 κατά
773 2188 833 2269 τήν
849 2192 1031 2267 παροιμίαν
1046 2186 1106 2266 γάρ
1125 2185 1183 2246 οὐκ
1200 2185 1290 2247 ἔστιν
1305 2182 1435 2267 sidium
1455 2182 1614 2267 ἀλλήλους

440 2286 520 2367 πρὶν
541 2288 616 2359 τούς
638 2287 825 2368 λεγομένους
843 2283 925 2358 ἅλας
943 2285 1184 2350 συναναλῶσαι.
1229 2283 1298 2346 οὐδ’
1311 2283 1550 2366 ἀποδέξασθαι
1571 2283 1613 2368 δή

439 2383 601 2466 πρότερον
631 2386 700 2449 οὐδ’
730 2378 814 2448 εἶναι
844 2388 972 2469 φίλους,
1004 2386 1084 2466 πρὶν
1110 2384 1153 2448 ἀν
1182 2381 1333 2463 ἑκάτερος
1363 2383 1503 2465 ἑκατέρῳ
1526 2387 1613 2470 φανῇ

439 2486 570 2570 φιλητός
591 2487 645 2549 καὶ
669 2490 846 2570 πιστευθῇ.
890 2485 921 2550 οἱ
943 2486 981 2549 δὲ
1002 2495 1125 2567 ταχέως
1146 2487 1188 2548 τά
1217 2485 1327 2568 φιλικά
1350 2486 1433 2566 πρὸς
1453 2485 1612 2570 ἀλλήλους

439 2590 608 2660 ποιοῦντες
634 2586 808 2669 βούλονται
836 2591 898 2667 μὲν
926 2587 1013 2670 φίλοι
1046 2578 1148 2664 εἶναι,
1178 2584 1236 2649 ουίι
1265 2583 1329 2649 εἶσὶ
1352 2586 1403 2664 δέ,
1438 2584 1469 2648 ελ
1488 2585 1533 2669 μή
1556 2585 1611 2648 καὶ

438 2687 578 2771 artemi,
601 2689 655 2750 καὶ
677 2688 764 2752 τοῦτ’
787 2688 909 2753 ἴσασιν.
942 2686 944 2691 ’

521 2806 607 2882 Quod
623 2805 771 2891 repetivit
784 2806 942 2870 Eudemus
954 2806 1014 2869 Vll
1027 2808 1056 2883 2,
1069 2806 1125 2868 46:
1148 2803 1187 2868 mi
1206 2801 1267 2884 γάρ
1290 2803 1381 2866 ἐστιν
1395 2796 1476 2864 ἄνευ
1496 2803 1611 2880 πείρας

437 2905 515 2968 οὐδὲ
536 2909 612 2986 μιᾶς
632 2905 753 2991 ήμέρας
774 2904 792 2965 ri
816 2906 916 2987 φίλος,
939 2905 1025 2969 ἀλλά
1042 2905 1161 2985 χρόνου
1183 2905 1244 2966 δεῖ.
1288 2902 1339 2967 did
1364 2903 1408 2976 εἰς
1430 2905 1610 2982 παροιμίαν·

436 3004 598 3088 ἐλήλυθεν
620 3005 637 3067 d
660 3006 814 3087 με’διμνος
834 3009 899 3067 τῶν
921 3005 1019 3070 ἀλῶν.

519 3124 634 3189 Eodem
658 3123 821 3209 proverbio
843 3122 1093 3208 Theophrastum
1116 3144 1238 3207 quoque
1259 3143 1349 3186 nsum
1372 3119 1468 3184 inisse
1485 3118 1608 3182 Plutar-

437 3224 515 3289 chus
538 3224 626 3288 docet
648 3245 720 3287 cum
743 3225 889 3288 Cicerone
913 3224 1120 3288 consentiens

520 3340 564 3403 (li.
588 3339 668 3404 Plut.
693 3341 723 3404 d.
746 3341 783 3403 fr.
812 3363 839 3405 a.
861 3341 896 3404 8:
929 3339 1004 3414 τούς
1030 3344 1093 3420 μὲν
1122 3340 1182 3419 yda
1211 3336 1415 3416 ἀλλοτρίους,
1448 3332 1490 3406 αἱς
1520 3332 1607 3413 ἔλεγε

436 3438 666 3521 Θεόφραστος,
697 3439 736 3502 ου’
767 3440 924 3521 φιλοῦντα
953 3440 1010 3501 δεῖ
1034 3444 1153 3520 κρίνειν
1183 3437 1267 3501 ἀλλά
1301 3439 1457 3517 κρίναντα
1490 3432 1606 3514 φιλεῖν.

436 3535 522 3601 ὅπου
543 3539 584 3624 δή
605 3538 625 3623 'l
647 3539 743 3622 φύσις
764 3540 939 3623 ἠγεμονίαν
960 3544 999 3622 τῇ
1019 3543 1124 3622 κρίσει
1146 3537 1228 3618 πρός
1256 3531 1386 3598 εὔνοιαν
1407 3533 1446 3598 ου’
1471 3533 1607 3596 δίδωσιν
1688 3547 1692 3554 ·

436 3639 514 3701 οὐδὲ
536 3640 692 3721 ἀναμένει
712 3641 770 3703 τάν
785 3637 1011 3720 θρυλούμενον
1034 3643 1099 3701 τῶν
1121 3637 1210 3700 ἀλῶν
1231 3637 1398 3719 μέδιμνον,
1422 3632 1508 3696 ἀλλά
1533 3651 1606 3712 συγ·

434 3746 580 3821 γεγένιμε
601 3740 661 3819 τήν
682 3740 786 3824 ἀρχήν
808 3743 864 3823 τῆς
892 3740 1016 3823 φιλίας,
1050 3722 1199 3801 §irradia
1221 3738 1277 3800 δεῖ
1294 3737 1339 3820 μή
1367 3733 1501 3815 rumperis
1523 3722 1607 3794 εἶναι

434 3837 519 3921 μηδὲ
540 3838 683 3920 ἀκριβεῖς
704 3842 769 3901 τῶν
793 3835 1040 3921 ἁμαρτημάτων
1062 3837 1251 3913 ἐξεταστάς.

518 3956 557 4019 Et
580 3956 641 4020 Cio.
654 3957 736 4021 Lael.
750 3959 809 4022 67:
832 3957 970 4020 Easistit
992 3962 1097 4019 autem
1118 3955 1173 4018 liae
1194 3957 1259 4019 toea
1286 3952 1443 4034 quaedam
1464 3947 1604 4035 qaeestio

434 4055 648 4137 subdifficilis,
677 4078 754 4120 aum
775 4057 901 4142 quamdo
925 4058 1020 4119 amici
1044 4058 1126 4132 aovi,
1158 4056 1248 4138 dipai
1269 4053 1420 4133 amicitia,
1450 4048 1605 4114 ueteribus

433 4158 499 4219 sint
523 4157 748 4240 anteponendi,
781 4163 815 4220 at
844 4158 930 4237 equis
960 4156 1072 4220 retritis
1100 4163 1219 4219 teneros
1241 4161 1430 4240 anteponere
1451 4151 1603 4214 solemus:

401 4333 405 4340 ι
433 4255 570 4336 imdipma
591 4255 715 4320 homine
737 4257 911 4321 dubitatio!
949 4257 1023 4320 Νονι
1045 4258 1128 4320 emim
1156 4256 1265 4319 debeat
1287 4274 1352 4318 esse
1376 4251 1601 4325 amicitiarum,

433 4355 514 4418 sicut
536 4355 676 4419 aliarum·
697 4377 805 4421 reram
825 4358 1001 4421 satietates:
1029 4356 1196 4420 veterrima
1217 4374 1372 4439 quaeque,
1403 4359 1437 4415 at
1459 4372 1494 4415 ea
1516 4350 1603 4423 aiau,

434 4475 513 4539 φιιαο
536 4461 714 4520 uetustatem
734 4456 859 4538 seruat,
890 4477 955 4521 esse
976 4457 1061 4520 dehet
1090 4456 1299 4533 arianissimo,
1330 4473 1497 4533 veramque
1521 4449 1603 4514 tum

1409 4575 1449 4629 4*
