4075 5717
879 846 903 852 .-
955 812 995 872 79

466 986 614 1053 Socratic.
646 1010 693 1074 ep.
717 988 865 1053 XXIX3
895 987 1093 1074 (Aristippus
1122 985 1236 1066 filiae):
1270 990 1371 1067 πειρῶ
1403 987 1442 1050 δὲ
1469 988 1555 1068 μετα

383 1086 589 1167 Ξανθίππης
616 1089 669 1149 καὶ
692 1090 846 1166 Μυρτοῦς
868 1090 939 1169 ζῆν,
972 1088 1014 1162 ὥς
1035 1088 1105 1167 ἐμοὶ
1130 1085 1225 1168 φίλον
1246 1088 1331 1165 μετὰ
1354 1089 1555 1169 Σωκράτους,

385 1186 486 1249 πλέον
507 1187 562 1249 διοὶ
585 1189 646 1273 τήν
669 1188 800 1249 ἐκείνων
818 1187 929 1269 φιλίαν
948 1188 1091 1274 σεαυτήν
1113 1185 1302 1250 στέλλονσα·
1326 1191 1417 1258 κεῖθι
1437 1192 1498 1269 χοὶρ
1517 1192 1553 1252 ro*

385 1287 528 1367 σοβαρὸν
550 1288 609 1349 οιίκ
629 1288 812 1367 ἐπιχώριον.

468 1388 562 1452 Porro
584 1389 670 1452 omni
687 1389 776 1454 modo
799 1390 832 1453 id
853 1389 918 1471 agit
934 1409 1038 1469 senex,
1061 1410 1100 1453 ue
1117 1410 1209 1473 quem
1225 1390 1338 1470 laedat,
1361 1391 1418 1455 hac
1434 1412 1555 1475 quoque
1627 1475 1630 1482 Ι

385 1486 418 1549 in
442 1509 474 1550 re
497 1487 653 1573 Aristippi
676 1488 867 1573 discipulus;
903 1488 1068 1573 quiquam
1093 1488 1296 1554 vehementer
1316 1513 1388 1554 cum
1410 1492 1555 1556 omnibus

386 1588 417 1650 in
440 1589 583 1652 amicitia
605 1610 671 1653 esse
694 1598 740 1667 et,
773 1589 799 1653 si
825 1612 917 1673 quem
948 1589 1095 1667 laeserat,
1126 1610 1218 1673 quam
1242 1590 1403 1657 celerrime
1433 1591 1466 1655 in
1487 1592 1583 1656 eius·

385 1688 519 1768 gratiam
550 1689 650 1753 redire
682 1690 830 1769 voluerit,
865 1690 942 1753 bene
973 1711 1011 1753 ex
1032 1689 1121 1771 Diog.
1144 1690 1177 1754 L.
1200 1691 1230 1754 ΙΙ
1253 1693 1292 1756 82
1324 1693 1554 1773 cognoscimus:

383 1787 550 1867 ὀργισθεὶς
572 1790 654 1869 πρδς
668 1791 824 1872 Αἰσχίνην
845 1789 916 1871 μετ’
939 1789 978 1853 oei
1000 1787 1097 1851 πολύ·
1121 1788 1158 1850 οδ
1181 1787 1496 1871 διαλαχδησόμείία,
1517 1791 1556 1854 ον’

385 1888 602 1968 παυσόμεθα,
636 1880 721 1969 εἶπε,
749 1889 939 1971 ληροῦντεςς
971 1887 1042 1952 ἄλλ’
1063 1888 1248 1968 α’ναμενεΐς,
1279 1886 1399 1962 ἕωςσίν
1420 1890 1477 1952 ἐπὶ
1500 1894 1557 1971 τῆς

384 1987 507 2061 κύλικος
529 1986 615 2072 ἡμᾶς
636 1986 795 2072 διαλλάξῃ
817 2011 863 2063 τις
871 2013 883 2069 ,·
912 1990 965 2051 xai
989 1984 1039 2061 ὅς·
1074 1984 1233 2068 ἅσμενος,
1263 1990 1335 2071 ἔφη.
1369 1986 1556 2071 μνημόνευε

384 2093 503 2166 τοίνυν,
535 2079 630 2149 εἶπεν
653 2089 670 2150 d
692 2090 914 2170 Ἀρίστιππος,
945 2085 996 2152 ὅτι
1017 2106 1070 2151 σοι
1088 2086 1246 2168 πρότερος
1270 2090 1490 2172 πρεσβύτερος
1510 2086 1556 2153 civ

385 2188 588 2271 προσῆλθον.
630 2191 684 2252 καὶ
701 2190 720 2252 δ
735 2189 896 2271 Αἰσχίνης·
920 2180 1001 2269 edre,
1024 2211 1063 2273 νη
1083 2185 1266 2272 τήνἭραν,
1290 2189 1428 2270 εὐλόγως
1448 2181 1555 2271 εἶπας,

385 2288 459 2350 ἐπεὶ
483 2287 594 2367 πολλῷ
614 2310 677 2369 μου
698 2288 836 2370 βελτίων
858 2288 1025 2369 ὑπάρχεις·
1047 2288 1110 2369 ἐμοί
1136 2294 1197 2369 μὲν
1217 2289 1278 2369 γάρ
1301 2291 1433 2369 ἔχθρας,
1456 2289 1501 2353 od
1518 2289 1556 2354 δὲ

386 2387 495 2469 φιλίας
517 2383 638 2468 ἄρχεις.
654 2388 679 2469 1)

469 2489 588 2552 Deinde
612 2488 784 2573 iurgiorum
808 2500 903 2573 atque
924 2488 1167 2553 altercationum
1192 2488 1465 2573 Periplecomenus
1487 2498 1555 2555 tan-

386 2599 454 2652 tum
475 2589 564 2651 abest
585 2597 620 2652 ut
643 2588 862 2673 participetur,
886 2598 920 2653 ut
943 2588 1070 2653 domum
1093 2590 1192 2653 abeat.

471 2688 559 2752 ldem
581 2698 686 2754 autem
716 2689 754 2752 de
777 2688 940 2774 Aristippo
962 2688 1060 2752 tradit
1080 2687 1170 2770 Diog.
1193 2688 1224 2752 L.
1249 2689 1279 2752 ll
1303 2689 1359 2753 70:
1393 2686 1555 2768 λοιδορού.

385 2789 483 2867 μενος
497 2810 579 2849 ποτε
599 2785 765 2868 διεχώρει.
808 2790 867 2851 τοῦ
883 2788 914 2849 δ’
930 2784 1160 2860 ἐπιδιώκοντος
1181 2785 1340 2861 εἰπόντος·
1362 2792 1398 2849 τί
1414 2784 1559 2869 μειίχειςς

387 2885 446 2966 ὅτι,
470 2892 569 2970 μησί,
592 2891 649 2951 τοῦ
671 2893 732 2969 μὲν
753 2890 858 2962 κακῶς
878 2887 979 2969 λέγειν
1002 2888 1044 2951 ον’
1066 2887 1127 2971 τήν
1149 2886 1303 2963 ἐξουσίαν
1326 2889 1417 2967 ἔχεις,
1439 2889 1501 2952 τοῦ
1520 2886 1556 2951 δὲ

385 2990 429 3068 με)
449 2985 580 3052 ἀκούειν
600 2986 671 3068 ἐγώ,
734 3026 736 3030 -

470 3088 581 3153 Simile
604 3088 678 3173 quid
702 3089 784 3173 opud
808 3088 976 3152 Stobaeum
1001 3087 1115 3170 legitur
1137 3089 1201 3152 llor.
1228 3089 1274 3165 19,
1292 3089 1329 3152 6:
1350 3087 1556 3167 Ἀρίστιππος

384 3186 607 3267 λοιδοροῦντος
634 3187 737 3250 αὐτόν
759 3209 844 3260 τινος
875 3188 947 3269 ἔφη·
971 3190 1030 3249 τοῦ
1051 3190 1113 3267 μὲν
1134 3186 1237 3267 λέγειν
1264 3188 1367 3260 κακῶς
1389 3186 1431 3252 σι)
1452 3179 1557 3269 κίριος

386 3276 432 3364 εἶ,
462 3290 520 3350 τοῦ
541 3287 580 3349 δὲ
602 3288 736 3359 δικαίωςΙ
752 3284 887 3351 α’κοιῖειν
909 3285 978 3367 ἔχω’.

468 3388 528 3453 Sed
559 3397 594 3452 ut
626 3388 796 3467 „orationis
826 3388 943 3452 iustam
976 3396 1096 3473 partem
1130 3386 1348 3473 persequitur“
1380 3386 1554 3471 Peripleco·

387 3509 514 3566 menne,
545 3488 590 3552 ita
611 3489 707 3553 etiam
731 3488 799 3553 eius
823 3488 970 3572 magister
992 3488 1175 3573 saepissimo
1198 3510 1253 3552 suo
1275 3498 1413 3572 tempore
1436 3486 1556 3551 l'ortiter

385 3597 478 3672 atque
502 3587 599 3651 libero
624 3587 853 3673 loquebatur.²)
1532 3668 1535 3673 Ι

471 3689 508 3751 Et
542 3689 617 3752 haec
648 3688 774 3771 quidem
806 3688 844 3752 de
864 3689 1007 3752 versibus
1030 3689 1204 3752 642-655.
1248 3688 1356 3751 Restat
1391 3695 1427 3752 ut
1460 3705 1556 3770 pauca

386 3787 499 3851 addam
523 3789 561 3852 do
584 3788 721 3868 ratione,
756 3810 834 3872 quae
855 3788 937 3851 inter
956 3788 1156 3874 Aristippum
1180 3787 1300 3851 eteius
1322 3786 1437 3851 amicos
1460 3786 1555 3849 inter·

388 3887 524 3950 cedebat.
579 3888 709 3953 Summa
731 3890 877 3952 comitate
900 3910 971 3954 eum
995 3909 1067 3971 erge
1089 3888 1144 3952 hos
1174 3888 1269 3953 luisse
1296 3886 1354 3950 etsi
1377 3885 1556 3962 testimonia

387 4009 446 4051 nou
470 3987 514 4052 ita
538 3989 637 4053 multa
657 3996 740 4064 sunt,
764 4010 834 4053 cum
853 4010 907 4074 per
928 4009 960 4052 so
976 3997 1072 4074 patet,
1093 3997 1161 4054 tum
1178 4010 1216 4052 ex
1229 3987 1352 4054 Aeliani
1368 3986 1433 4052 loco
1450 3985 1554 4074 colligi

388 4096 497 4174 potest.

470 4190 515 4255 (ll.
544 4189 667 4254 Aeliau.
694 4212 722 4253 v.
746 4191 774 4253 h.
807 4191 867 4253 Vll
887 4190 924 4254 3:
957 4189 1166 4271 Ἀρίστιππος
1196 4190 1333 4269 ἑταίρων
1354 4187 1443 4270 crisci
1461 4188 1558 4256 τινων

387 4289 593 4369 ὀδυρομένων
613 4285 802 4369 βαρύτατα,
833 4287 940 4352 πολλοί
968 4293 1030 4368 μὲν
1052 4289 1105 4352 καὶ
1127 4286 1212 4353 ἄλλα
1244 4291 1325 4371 πρὸς
1345 4290 1464 4362 αὐτους
1482 4279 1557 4352 είπε

385 4388 491 4471 λύπης
506 4387 742 4468 οίνασταλτικοὲ,
763 4391 817 4451 καί
840 4392 947 4451 ταῦτα
968 4390 1005 4452 δὲ
1023 4391 1059 4453 ἐν
1078 4396 1265 4471 προοιμίοις·
1289 4390 1362 4454 ἀλλ’
1383 4391 1478 4471 ἔγωγε
1491 4385 1557 4475 ἥκω

459 4555 484 4621 l)
504 4553 543 4607 (ll.
561 4553 630 4608 Plut.
649 4556 682 4608 de
701 4557 787 4610 cohib.
806 4557 845 4610 ira
866 4574 888 4610 c.
907 4557 979 4612 XlV.

457 4642 484 4707 2)
504 4640 543 4694 Gt.
561 4641 637 4709 Diog.
658 4642 686 4694 L.
705 4643 728 4694 ll
748 4643 790 4696 73.
809 4644 851 4696 Π.
887 4643 961 4700 Stob.
980 4646 1037 4700 flor.
1057 4648 1150 4713 lura.
