4075 5717
917 679 1041 786 „245
1083 713 1125 724 ..

711 851 881 920 Meretri
891 876 954 945 ces
967 880 975 920 τ

624 953 816 1020 Bacchidum
835 977 865 1021 v.
878 991 880 996 ·
891 957 970 1021 1193
992 955 1153 1039 (Bacchis)

625 1054 756 1120 Poenuli
778 1076 808 1120 u.
829 1057 891 1121 286
913 1054 1173 1142 (Adelphasium)

625 1155 810 1220 Truculenti
831 1177 860 1221 v.
883 1157 942 1220 931
967 1155 1200 1238 (Phronesium)

709 1273 790 1338 Mul
801 1273 837 1338 ie
847 1295 924 1339 res:

625 1373 868 1459 Amphitruonis
890 1396 919 1438 v.
942 1375 1003 1439 633
1026 1375 1229 1452 (Alcumena)

626 1473 727 1539 Stichi
749 1495 778 1538 v.
804 1475 863 1538 120
884 1472 1080 1560 (Pamphila)

705 1591 826 1655 Lena:

626 1691 792 1756 Asinariae
815 1713 844 1756 v,
871 1691 928 1756 186
952 1691 1138 1774 (Oleaerete)

683 1876 693 1889 „
709 1809 897 1873 Ancilla:

628 1908 767 1974 Andriae
788 1931 818 1973 v.
837 1911 898 1973 716
921 1907 1046 1993 (Mysis)

709 2008 925 2073 Parasitus
937 2034 945 2073 ι

629 2110 903 2174 Menaechmorum
925 2131 955 2173 v.
977 2109 1040 2173 446
1062 2109 1257 2191 (Peniculus)

475 2533 479 2538 ,
829 2405 972 2523 caput
1005 2402 1216 2502 alterum.

432 2571 485 2639 De
496 2571 808 2658 Peripateticorum
823 2574 1025 2660 placitorum
1040 2573 1127 2660 apud
1141 2576 1263 2660 poetae
1275 2571 1418 2640 comicos
1428 2569 1603 2655 vestigiis.

517 2724 608 2789 Nunc
638 2723 736 2788 altera
765 2732 852 2811 parte
877 2726 971 2791 huius
999 2725 1222 2812 disputationis
1253 2725 1307 2790 ad'
1323 2722 1603 2810 Peripateticorum

432 2822 690 2908 philosophorum
714 2824 828 2910 placite
850 2835 1055 2891 transeamus.
1100 2827 1184 2903 Quae
1213 2847 1404 2910 quamquam
1426 2824 1459 2888 in
1484 2843 1602 2887 comoe-

433 2923 497 2987 diis
526 2945 587 2988 non
616 2935 680 2988 tam
711 2924 818 2990 crebra
853 2926 942 2991 nobis
972 2934 1139 2992 occurrunt
1169 2947 1262 3009 quam
1293 2924 1462 3009 Epicurea,
1496 2933 1602 2986 tamen

432 3021 517 3086 haud
549 3023 657 3108 paucis
686 3024 720 3089 in
748 3025 890 3101 versibus
920 3027 1115 3109 agnoscenda
1150 3034 1234 3090 sunt.
1295 3024 1336 3088 Hi
1359 3032 1465 3088 eutem
1495 3043 1603 3087 omues

432 3123 499 3186 fere
518 3121 557 3187 ad
579 3123 754 3190 amicitiam
770 3126 939 3213 portinent.
978 3128 1086 3211 Neque
1107 3125 1139 3190 id
1157 3125 1274 3189 mirum
1290 3132 1347 3188 est.
1386 3124 1495 3188 Cotem
1517 3122 1603 3186 enim

431 3222 545 3288 horum
569 3223 822 3310 philosophorum
845 3226 959 3311 placita
991 3248 1092 3311 neque
1122 3226 1162 3290 ad
1183 3245 1347 3289 commune
1371 3222 1525 3287 iudicium
1551 3242 1604 3307 po·

432 3324 638 3409 pularemque
661 3323 912 3407 intellegentiam
933 3327 1164 3392 accommodate
1185 3330 1283 3405 erant,
1306 3344 1406 3406 neque
1430 3323 1499 3387 ideo
1518 3330 1601 3407 apta,

433 3444 515 3506 quae
535 3423 569 3487 in
584 3424 700 3488 fabulis
717 3424 952 3492 adhiberentur.
997 3428 1047 3493 Ad
1068 3426 1242 3491 amicitiam
1256 3433 1363 3489 autem
1382 3423 1462 3508 quod
1479 3423 1603 3502 attinet,

433 3543 498 3587 non
520 3523 620 3588 solum
641 3523 675 3588 in
695 3524 811 3589 fabulis
833 3526 1022 3609 tragicorum
1047 3536 1217 3613 poetarum,
1247 3545 1323 3611 quos
1345 3523 1457 3588 comici
1478 3523 1603 3608 saepius

433 3621 554 3687 imitati
577 3630 658 3703 sunt,
682 3625 817 3689 multum
844 3625 995 3708 valuerat,
1018 3627 1191 3692 sedetiam
1214 3624 1400 3690 Aristoteles
1421 3621 1604 3688 Ethicorum

433 3721 713 3788 Nicomacheorum
740 3724 829 3789 libris
853 3727 931 3790 Vlll
947 3734 978 3791 et
995 3728 1040 3790 lX
1072 3727 1192 3812 primus
1223 3725 1306 3807 leges
1336 3725 1404 3788 eius
1431 3723 1603 3789 constituit.

432 3822 503 3886 lam
524 3842 596 3888 vero
612 3823 854 3910 Theophrastus
877 3826 944 3890 eius
963 3826 1149 3912 discipulus,
1172 3835 1203 3890 et
1223 3826 1340 3890 librum
1355 3822 1604 3901 celeberrimum,

433 3922 489 4006 qui
513 3943 636 3988 summo
659 3944 731 3988 curn
751 3924 855 3989 studio
871 3924 911 3989 ab
927 3926 1073 3992 omnibus
1087 3925 1290 4010 legebaturll,
1312 3925 1350 3989 de
1372 3922 1513 3988 amicitia
1534 3943 1605 3986 con·

432 4023 560 4109 scripsit
581 4030 613 4087 ct
634 4045 707 4089 cum
728 4024 855 4090 comicis
877 4035 942 4090 tam
962 4036 1029 4092 arte
1054 4027 1240 4092 coniunctus
1262 4033 1338 4105 erat,
1361 4032 1479 4089 utnon
1502 4021 1603 4087 solum

432 4123 608 4205 Menandri,
630 4124 758 4189 illorum
774 4125 935 4211 principia,
959 4127 1108 4209 magister
1125 4126 1292 4199 haberetur
1312 4133 1343 4189 et
1360 4124 1489 4202 amicus,
1503 4121 1527 4202 2)
1550 4122 1603 4186 sed

433 4223 531 4288 etiam
543 4223 659 4289 librum
673 4225 878 4310 praeclarum,
895 4247 989 4310 quem
1006 4229 1214 4310 χαρακτῆρας
1219 4224 1399 4317 inscripsit,
1413 4223 1603 4311 comicorum

506 4421 532 4490 l)
550 4422 613 4488 Leo,
632 4422 718 4479 Plaut.
738 4425 844 4478 Forsch.
864 4443 924 4494 pag.
947 4425 1003 4479 115.

504 4507 532 4577 2)
551 4509 591 4563 cf.
609 4511 685 4580 Diog.
704 4511 733 4566 L.
752 4512 787 4565 Vl
806 4512 830 4566 2.
