<?xml version="1.0" encoding="UTF-8"?>
<!DOCTYPE html PUBLIC "-//W3C//DTD XHTML 1.0 Transitional//EN"
    "http://www.w3.org/TR/xhtml1/DTD/xhtml1-transitional.dtd">
<html xmlns="http://www.w3.org/1999/xhtml" xml:lang="en" lang="en">
 <head>
  <title>
</title>
<meta http-equiv="Content-Type" content="text/html;charset=utf-8" />
  <meta name='ocr-system' content='tesseract 3.04.00' />
  <meta name='ocr-capabilities' content='ocr_page ocr_carea ocr_par ocr_line ocrx_word'/>
</head>
<body>
  <div class='ocr_page' id='page_1' title='image "./periplecomenuss00rankgoog_0034.png"; bbox 0 0 4075 5717; ppageno 0'>
   <div class='ocr_carea' id='block_1_1' title="bbox 919 687 1128 753">
    <p class='ocr_par' dir='ltr' id='par_1_1' title="bbox 919 687 1128 753">
     <span class='ocr_line' id='line_1_1' title="bbox 919 687 1128 753; baseline 0 -18"><span class='ocrx_word' id='word_1_1' title='bbox 919 687 1128 753; x_wconf 74' lang='lat'>..32-</span> 
     </span>
    </p>
   </div>
   <div class='ocr_carea' id='block_1_2' title="bbox 517 865 1608 952">
    <p class='ocr_par' dir='ltr' id='par_1_2' title="bbox 517 865 1608 952">
     <span class='ocr_line' id='line_1_2' title="bbox 517 865 1608 952; baseline -0.002 -21"><span class='ocrx_word' id='word_1_2' title='bbox 517 867 581 932; x_wconf 89' lang='lat' dir='ltr'>Nec</span> <span class='ocrx_word' id='word_1_3' title='bbox 602 867 695 932; x_wconf 88' lang='lat' dir='ltr'>aliter</span> <span class='ocrx_word' id='word_1_4' title='bbox 715 868 798 932; x_wconf 87' lang='lat' dir='ltr'>inter</span> <span class='ocrx_word' id='word_1_5' title='bbox 820 867 1006 934; x_wconf 87' lang='lat' dir='ltr'>Graecorum</span> <span class='ocrx_word' id='word_1_6' title='bbox 1029 868 1164 933; x_wconf 86' lang='lat' dir='ltr'>comicos</span> <span class='ocrx_word' id='word_1_7' title='bbox 1188 875 1293 952; x_wconf 86' lang='lat' dir='ltr'>poetes</span> <span class='ocrx_word' id='word_1_8' title='bbox 1315 865 1523 952; x_wconf 87' lang='lat' dir='ltr'>Apollodorus</span> <span class='ocrx_word' id='word_1_9' title='bbox 1553 866 1608 930; x_wconf 89' lang='lat' dir='ltr'>ad-</span> 
     </span>
    </p>
   </div>
   <div class='ocr_carea' id='block_1_3' title="bbox 432 965 1600 1168">
    <p class='ocr_par' dir='ltr' id='par_1_3' title="bbox 432 965 1600 1168">
     <span class='ocr_line' id='line_1_3' title="bbox 432 965 1600 1053; baseline 0 -22"><span class='ocrx_word' id='word_1_10' title='bbox 432 976 537 1033; x_wconf 88' lang='lat' dir='ltr'>monet</span> <span class='ocrx_word' id='word_1_11' title='bbox 557 968 708 1046; x_wconf 90' lang='lat' dir='ltr'>homines,</span> <span class='ocrx_word' id='word_1_12' title='bbox 733 990 772 1033; x_wconf 93' lang='lat' dir='ltr'>ne</span> <span class='ocrx_word' id='word_1_13' title='bbox 791 969 923 1051; x_wconf 81' lang='lat' dir='ltr'>negotiis</span> <span class='ocrx_word' id='word_1_14' title='bbox 941 990 973 1033; x_wconf 89' lang='lat' dir='ltr'>se</span> <span class='ocrx_word' id='word_1_15' title='bbox 984 969 1100 1033; x_wconf 81' lang='lat' dir='ltr'>dedant</span> <span class='ocrx_word' id='word_1_16' title='bbox 1112 971 1202 1052; x_wconf 80' lang='lat' dir='ltr'>frgm.</span> <span class='ocrx_word' id='word_1_17' title='bbox 1217 972 1231 1032; x_wconf 93' lang='lat' dir='ltr'>l</span> <span class='ocrx_word' id='word_1_18' title='bbox 1248 968 1348 1050; x_wconf 86' lang='lat' dir='ltr'>(Kocl</span> <span class='ocrx_word' id='word_1_19' title='bbox 1362 968 1408 1032; x_wconf 92' lang='lat' dir='ltr'>Ill</span> <span class='ocrx_word' id='word_1_20' title='bbox 1422 989 1489 1053; x_wconf 84' lang='lat' dir='ltr'>pag.</span> <span class='ocrx_word' id='word_1_21' title='bbox 1503 965 1600 1046; x_wconf 81' lang='grc'>288);</span> 
     </span>
     <span class='ocr_line' id='line_1_4' title="bbox 643 1060 1222 1168; baseline 0.002 -49"><span class='ocrx_word' id='word_1_22' title='bbox 643 1062 828 1139; x_wconf 69' lang='grc' dir='ltr'><em>ἀπραγμόνως</em></span> <span class='ocrx_word' id='word_1_23' title='bbox 846 1060 970 1168; x_wconf 41' lang='grc' dir='ltr'><strong><em>ζῆντῆδὸ.</em></strong></span> <span class='ocrx_word' id='word_1_24' title='bbox 1005 1062 1147 1141; x_wconf 65' lang='grc' dir='ltr'><strong><em>μακάριος</em></strong></span> <span class='ocrx_word' id='word_1_25' title='bbox 1163 1070 1222 1138; x_wconf 75' lang='grc' dir='ltr'><strong><em>βίος</em></strong></span> 
     </span>
    </p>
   </div>
   <div class='ocr_carea' id='block_1_4' title="bbox 432 1149 1606 2016">
    <p class='ocr_par' dir='ltr' id='par_1_4' title="bbox 641 1149 1318 1399">
     <span class='ocr_line' id='line_1_5' title="bbox 641 1149 1318 1229; baseline -0.001 -22"><span class='ocrx_word' id='word_1_26' title='bbox 641 1155 688 1207; x_wconf 84' lang='grc' dir='ltr'>καὶ</span> <span class='ocrx_word' id='word_1_27' title='bbox 705 1151 815 1226; x_wconf 83' lang='grc' dir='ltr'><strong><em>σεμνός,</em></strong></span> <span class='ocrx_word' id='word_1_28' title='bbox 834 1149 869 1206; x_wconf 73' lang='grc' dir='ltr'>ἄν</span> <span class='ocrx_word' id='word_1_29' title='bbox 888 1173 904 1229; x_wconf 77' lang='grc' dir='ltr'>ῃ</span> <span class='ocrx_word' id='word_1_30' title='bbox 922 1156 988 1225; x_wconf 82' lang='grc' dir='ltr'><strong><em>μεθ’</em></strong></span> <span class='ocrx_word' id='word_1_31' title='bbox 1007 1153 1110 1227; x_wconf 74' lang='grc' dir='ltr'><strong><em>ἑτέρων</em></strong></span> <span class='ocrx_word' id='word_1_32' title='bbox 1129 1152 1318 1226; x_wconf 79' lang='grc' dir='ltr'><em>ἀπραγμόνων</em></span> 
     </span>
     <span class='ocr_line' id='line_1_6' title="bbox 641 1233 1213 1313; baseline 0.002 -21"><span class='ocrx_word' id='word_1_33' title='bbox 641 1237 672 1293; x_wconf 80' lang='grc' dir='ltr'>ἐν</span> <span class='ocrx_word' id='word_1_34' title='bbox 686 1242 799 1313; x_wconf 75' lang='grc' dir='ltr'><strong><em>θηρίοις</em></strong></span> <span class='ocrx_word' id='word_1_35' title='bbox 812 1239 842 1293; x_wconf 75' lang='grc' dir='ltr'>δὲ</span> <span class='ocrx_word' id='word_1_36' title='bbox 861 1241 908 1294; x_wconf 85' lang='grc' dir='ltr'>καὶ</span> <span class='ocrx_word' id='word_1_37' title='bbox 926 1233 1062 1311; x_wconf 70' lang='grc' dir='ltr'><strong><em>πιθήκοις</em></strong></span> <span class='ocrx_word' id='word_1_38' title='bbox 1081 1236 1148 1292; x_wconf 83' lang='grc' dir='ltr'><strong><em>ὄντα</em></strong></span> <span class='ocrx_word' id='word_1_39' title='bbox 1167 1239 1213 1293; x_wconf 77' lang='grc' dir='ltr'>δεῖ</span> 
     </span>
     <span class='ocr_line' id='line_1_7' title="bbox 642 1321 1202 1399; baseline 0.002 -20"><span class='ocrx_word' id='word_1_40' title='bbox 642 1322 716 1380; x_wconf 82' lang='grc' dir='ltr'><strong><em>εἶναι</em></strong></span> <span class='ocrx_word' id='word_1_41' title='bbox 736 1328 869 1397; x_wconf 76' lang='grc' dir='ltr'><strong><em>πίθηκον·</em></strong></span> <span class='ocrx_word' id='word_1_42' title='bbox 897 1321 918 1378; x_wconf 80' lang='grc' dir='ltr'><strong><em>ὦ</em></strong></span> <span class='ocrx_word' id='word_1_43' title='bbox 938 1321 1114 1399; x_wconf 69' lang='grc' dir='ltr'><strong><em>ιαλαιπιῖροο</em></strong></span> <span class='ocrx_word' id='word_1_44' title='bbox 1132 1329 1202 1396; x_wconf 79' lang='grc' dir='ltr'><strong><em>βίον.</em></strong></span> 
     </span>
    </p>

    <p class='ocr_par' dir='ltr' id='par_1_5' title="bbox 432 1429 1606 2016">
     <span class='ocr_line' id='line_1_8' title="bbox 516 1429 1602 1519; baseline -0.005 -22"><span class='ocrx_word' id='word_1_45' title='bbox 516 1434 583 1497; x_wconf 86' lang='lat' dir='ltr'>Iam</span> <span class='ocrx_word' id='word_1_46' title='bbox 616 1431 753 1511; x_wconf 83' lang='lat' dir='ltr'>axillis,</span> <span class='ocrx_word' id='word_1_47' title='bbox 785 1452 864 1516; x_wconf 91' lang='lat' dir='ltr'>quae</span> <span class='ocrx_word' id='word_1_48' title='bbox 892 1431 930 1495; x_wconf 89' lang='lat' dir='ltr'>de</span> <span class='ocrx_word' id='word_1_49' title='bbox 966 1433 1219 1519; x_wconf 82' lang='lat' dir='ltr'><strong>compensatione</strong></span> <span class='ocrx_word' id='word_1_50' title='bbox 1251 1429 1500 1515; x_wconf 81' lang='lat' dir='ltr'>disputavimus,</span> <span class='ocrx_word' id='word_1_51' title='bbox 1532 1449 1602 1514; x_wconf 89' lang='lat' dir='ltr'>per-</span> 
     </span>
     <span class='ocr_line' id='line_1_9' title="bbox 433 1529 1605 1617; baseline -0.004 -21"><span class='ocrx_word' id='word_1_52' title='bbox 433 1532 577 1617; x_wconf 92' lang='lat' dir='ltr'>spicuum</span> <span class='ocrx_word' id='word_1_53' title='bbox 608 1533 643 1595; x_wconf 80' lang='lat' dir='ltr'>fit</span> <span class='ocrx_word' id='word_1_54' title='bbox 681 1532 850 1617; x_wconf 77' lang='lat' dir='ltr'><strong>Epicurum</strong></span> <span class='ocrx_word' id='word_1_55' title='bbox 890 1531 1032 1597; x_wconf 90' lang='lat' dir='ltr'>homines</span> <span class='ocrx_word' id='word_1_56' title='bbox 1065 1532 1110 1596; x_wconf 89' lang='lat' dir='ltr'>ita</span> <span class='ocrx_word' id='word_1_57' title='bbox 1143 1532 1182 1596; x_wconf 90' lang='lat' dir='ltr'>ad</span> <span class='ocrx_word' id='word_1_58' title='bbox 1214 1530 1448 1596; x_wconf 90' lang='lat' dir='ltr'>beatitudinem</span> <span class='ocrx_word' id='word_1_59' title='bbox 1490 1529 1605 1593; x_wconf 91' lang='lat' dir='ltr'>ducere</span> 
     </span>
     <span class='ocr_line' id='line_1_10' title="bbox 432 1628 1605 1717; baseline -0.003 -20"><span class='ocrx_word' id='word_1_60' title='bbox 432 1632 578 1711; x_wconf 86' lang='lat' dir='ltr'>voluisse,</span> <span class='ocrx_word' id='word_1_61' title='bbox 608 1641 643 1695; x_wconf 91' lang='lat' dir='ltr'>ut</span> <span class='ocrx_word' id='word_1_62' title='bbox 664 1632 792 1696; x_wconf 92' lang='lat' dir='ltr'>modum</span> <span class='ocrx_word' id='word_1_63' title='bbox 814 1632 926 1696; x_wconf 89' lang='lat' dir='ltr'>habere</span> <span class='ocrx_word' id='word_1_64' title='bbox 946 1632 979 1696; x_wconf 94' lang='lat' dir='ltr'>in</span> <span class='ocrx_word' id='word_1_65' title='bbox 1003 1653 1188 1717; x_wconf 90' lang='lat' dir='ltr'>unaquaque</span> <span class='ocrx_word' id='word_1_66' title='bbox 1212 1631 1373 1715; x_wconf 85' lang='lat' dir='ltr'>voluptate</span> <span class='ocrx_word' id='word_1_67' title='bbox 1395 1651 1446 1695; x_wconf 91' lang='lat' dir='ltr'>eos</span> <span class='ocrx_word' id='word_1_68' title='bbox 1471 1628 1605 1693; x_wconf 87' lang='lat' dir='ltr'>iuberet.</span> 
     </span>
     <span class='ocr_line' id='line_1_11' title="bbox 432 1728 1606 1816; baseline -0.003 -21"><span class='ocrx_word' id='word_1_69' title='bbox 432 1732 519 1808; x_wconf 84' lang='lat' dir='ltr'>Quod</span> <span class='ocrx_word' id='word_1_70' title='bbox 540 1742 646 1796; x_wconf 89' lang='lat' dir='ltr'>autem</span> <span class='ocrx_word' id='word_1_71' title='bbox 668 1732 706 1796; x_wconf 92' lang='lat' dir='ltr'>de</span> <span class='ocrx_word' id='word_1_72' title='bbox 736 1730 895 1816; x_wconf 88' lang='lat' dir='ltr'>voluptate</span> <span class='ocrx_word' id='word_1_73' title='bbox 918 1731 1002 1796; x_wconf 90' lang='lat' dir='ltr'>idem</span> <span class='ocrx_word' id='word_1_74' title='bbox 1026 1731 1122 1796; x_wconf 90' lang='lat' dir='ltr'>etiam</span> <span class='ocrx_word' id='word_1_75' title='bbox 1142 1731 1181 1795; x_wconf 94' lang='lat' dir='ltr'>de</span> <span class='ocrx_word' id='word_1_76' title='bbox 1203 1753 1275 1796; x_wconf 91' lang='lat' dir='ltr'>omn</span> <span class='ocrx_word' id='word_1_77' title='bbox 1283 1731 1354 1795; x_wconf 89' lang='lat' dir='ltr'>ibus</span> <span class='ocrx_word' id='word_1_78' title='bbox 1377 1728 1606 1816; x_wconf 77' lang='lat' dir='ltr'>cupiditatibus</span> 
     </span>
     <span class='ocr_line' id='line_1_12' title="bbox 433 1827 1605 1918; baseline -0.003 -23"><span class='ocrx_word' id='word_1_79' title='bbox 433 1832 528 1897; x_wconf 88' lang='lat' dir='ltr'>valet:</span> <span class='ocrx_word' id='word_1_80' title='bbox 553 1853 736 1918; x_wconf 86' lang='lat' dir='ltr'>semperne</span> <span class='ocrx_word' id='word_1_81' title='bbox 759 1831 836 1916; x_wconf 92' lang='lat' dir='ltr'>quid</span> <span class='ocrx_word' id='word_1_82' title='bbox 856 1830 952 1896; x_wconf 86' lang='lat' dir='ltr'>nimis</span> <span class='ocrx_word' id='word_1_83' title='bbox 975 1831 1135 1911; x_wconf 69' lang='lat' dir='ltr'>faciamus</span> <span class='ocrx_word' id='word_1_84' title='bbox 1157 1832 1333 1897; x_wconf 87' lang='lat' dir='ltr'>cavendum</span> <span class='ocrx_word' id='word_1_85' title='bbox 1357 1838 1413 1895; x_wconf 86' lang='lat' dir='ltr'>est.</span> <span class='ocrx_word' id='word_1_86' title='bbox 1457 1827 1605 1914; x_wconf 79' lang='lat' dir='ltr'>Exempli</span> 
     </span>
     <span class='ocr_line' id='line_1_13' title="bbox 432 1931 1095 2016; baseline -0.003 -19"><span class='ocrx_word' id='word_1_87' title='bbox 432 1932 532 2016; x_wconf 82' lang='lat' dir='ltr'>gratia</span> <span class='ocrx_word' id='word_1_88' title='bbox 554 1932 684 1997; x_wconf 82' lang='lat' dir='ltr'>nimiam</span> <span class='ocrx_word' id='word_1_89' title='bbox 709 1932 789 1997; x_wconf 89' lang='lat' dir='ltr'>iram</span> <span class='ocrx_word' id='word_1_90' title='bbox 813 1931 913 1997; x_wconf 89' lang='lat' dir='ltr'>vitare</span> <span class='ocrx_word' id='word_1_91' title='bbox 935 1932 1095 1997; x_wconf 81' lang='lat' dir='ltr'>debemus.</span> 
     </span>
    </p>
   </div>
   <div class='ocr_carea' id='block_1_5' title="bbox 434 2045 1608 2718">
    <p class='ocr_par' dir='ltr' id='par_1_6' title="bbox 434 2045 1608 2514">
     <span class='ocr_line' id='line_1_14' title="bbox 486 2045 1608 2136; baseline -0.003 -23"><span class='ocrx_word' id='word_1_92' title='bbox 486 2131 489 2136; x_wconf 26' lang='grc'><strong>,</strong></span> <span class='ocrx_word' id='word_1_93' title='bbox 517 2050 562 2114; x_wconf 82' lang='lat' dir='ltr'>of.</span> <span class='ocrx_word' id='word_1_94' title='bbox 589 2050 679 2131; x_wconf 84' lang='lat' dir='ltr'>frgm.</span> <span class='ocrx_word' id='word_1_95' title='bbox 708 2049 770 2114; x_wconf 81' lang='lat'>484</span> <span class='ocrx_word' id='word_1_96' title='bbox 801 2048 932 2131; x_wconf 88' lang='lat' dir='ltr'>(Seneca</span> <span class='ocrx_word' id='word_1_97' title='bbox 954 2070 1001 2134; x_wconf 93' lang='lat' dir='ltr'>ep.</span> <span class='ocrx_word' id='word_1_98' title='bbox 1033 2051 1086 2128; x_wconf 85' lang='lat'>18,</span> <span class='ocrx_word' id='word_1_99' title='bbox 1113 2047 1182 2129; x_wconf 86' lang='lat' dir='ltr'>l4):</span> <span class='ocrx_word' id='word_1_100' title='bbox 1225 2046 1289 2113; x_wconf 80' lang='lat' dir='ltr'>Sed</span> <span class='ocrx_word' id='word_1_101' title='bbox 1316 2047 1380 2112; x_wconf 83' lang='lat' dir='ltr'>ium</span> <span class='ocrx_word' id='word_1_102' title='bbox 1410 2045 1608 2129; x_wconf 81' lang='lat' dir='ltr'>incipiamus</span> 
     </span>
     <span class='ocr_line' id='line_1_15' title="bbox 434 2145 1606 2234; baseline -0.003 -21"><span class='ocrx_word' id='word_1_103' title='bbox 434 2148 601 2233; x_wconf 59' lang='lat' dir='ltr'>masculam</span> <span class='ocrx_word' id='word_1_104' title='bbox 633 2150 817 2234; x_wconf 70' lang='lat' dir='ltr'>complicare.</span> <span class='ocrx_word' id='word_1_105' title='bbox 861 2148 1012 2230; x_wconf 82' lang='lat' dir='ltr'>„Prias‚“</span> <span class='ocrx_word' id='word_1_106' title='bbox 1045 2150 1166 2233; x_wconf 79' lang='lat' dir='ltr'>inquio,</span> <span class='ocrx_word' id='word_1_107' title='bbox 1203 2147 1333 2229; x_wconf 83' lang='lat' dir='ltr'>„redde‚</span> <span class='ocrx_word' id='word_1_108' title='bbox 1367 2147 1450 2233; x_wconf 86' lang='lat' dir='ltr'>quod</span> <span class='ocrx_word' id='word_1_109' title='bbox 1483 2145 1606 2210; x_wconf 82' lang='lat' dir='ltr'>dcbes.“</span> 
     </span>
     <span class='ocr_line' id='line_1_16' title="bbox 434 2246 1607 2334; baseline -0.002 -22"><span class='ocrx_word' id='word_1_110' title='bbox 434 2247 588 2333; x_wconf 76' lang='lat' dir='ltr'>Deleqobo</span> <span class='ocrx_word' id='word_1_111' title='bbox 615 2256 643 2313; x_wconf 81' lang='lat' dir='ltr'>tc</span> <span class='ocrx_word' id='word_1_112' title='bbox 672 2249 716 2313; x_wconf 88' lang='lat' dir='ltr'>od</span> <span class='ocrx_word' id='word_1_113' title='bbox 743 2248 930 2334; x_wconf 77' lang='lat' dir='ltr'>Epicurum.</span> <span class='ocrx_word' id='word_1_114' title='bbox 973 2249 1012 2313; x_wconf 87' lang='lat' dir='ltr'>ab</span> <span class='ocrx_word' id='word_1_115' title='bbox 1044 2251 1097 2313; x_wconf 80' lang='lat' dir='ltr'>illo</span> <span class='ocrx_word' id='word_1_116' title='bbox 1126 2250 1178 2329; x_wconf 71' lang='lat' dir='ltr'>rici</span> <span class='ocrx_word' id='word_1_117' title='bbox 1208 2247 1403 2312; x_wconf 77' lang='lat' dir='ltr'>cameratio:</span> <span class='ocrx_word' id='word_1_118' title='bbox 1435 2246 1607 2310; x_wconf 83' lang='lat' dir='ltr'>immodica</span> 
     </span>
     <span class='ocr_line' id='line_1_17' title="bbox 442 2346 1607 2431; baseline -0.003 -20"><span class='ocrx_word' id='word_1_119' title='bbox 442 2351 493 2413; x_wconf 81' lang='lat' dir='ltr'>irc</span> <span class='ocrx_word' id='word_1_120' title='bbox 521 2350 624 2431; x_wconf 73' lang='lat' dir='ltr'>pipard</span> <span class='ocrx_word' id='word_1_121' title='bbox 658 2351 831 2413; x_wconf 77' lang='lat' dir='ltr'>insaniora.</span> <span class='ocrx_word' id='word_1_122' title='bbox 873 2349 930 2413; x_wconf 85' lang='lat' dir='ltr'>boc</span> <span class='ocrx_word' id='word_1_123' title='bbox 959 2370 1056 2430; x_wconf 84' lang='lat' dir='ltr'>qocm-</span> <span class='ocrx_word' id='word_1_124' title='bbox 1075 2370 1181 2414; x_wconf 85' lang='lat' dir='ltr'>rerum</span> <span class='ocrx_word' id='word_1_125' title='bbox 1202 2349 1259 2425; x_wconf 83' lang='lat' dir='ltr'>eit,</span> <span class='ocrx_word' id='word_1_126' title='bbox 1287 2367 1408 2412; x_wconf 77' lang='lat' dir='ltr'>accerso</span> <span class='ocrx_word' id='word_1_127' title='bbox 1437 2352 1481 2410; x_wconf 78' lang='lat' dir='ltr'>ret</span> <span class='ocrx_word' id='word_1_128' title='bbox 1509 2346 1607 2424; x_wconf 78' lang='lat' dir='ltr'>scios,</span> 
     </span>
     <span class='ocr_line' id='line_1_18' title="bbox 438 2448 1123 2514; baseline -0.001 -1"><span class='ocrx_word' id='word_1_129' title='bbox 438 2469 508 2513; x_wconf 82' lang='lat' dir='ltr'>curn</span> <span class='ocrx_word' id='word_1_130' title='bbox 530 2448 681 2513; x_wconf 77' lang='lat' dir='ltr'>habueris</span> <span class='ocrx_word' id='word_1_131' title='bbox 703 2455 730 2512; x_wconf 76' lang='lat' dir='ltr'>et</span> <span class='ocrx_word' id='word_1_132' title='bbox 751 2470 876 2514; x_wconf 82' lang='lat' dir='ltr'>serrum</span> <span class='ocrx_word' id='word_1_133' title='bbox 898 2458 926 2514; x_wconf 80' lang='lat' dir='ltr'>rt</span> <span class='ocrx_word' id='word_1_134' title='bbox 947 2451 1123 2513; x_wconf 79' lang='lat' dir='ltr'>inimicum.</span> 
     </span>
    </p>

    <p class='ocr_par' dir='ltr' id='par_1_7' title="bbox 516 2548 1185 2718">
     <span class='ocr_line' id='line_1_19' title="bbox 516 2548 1169 2635; baseline 0.003 -23"><span class='ocrx_word' id='word_1_135' title='bbox 516 2549 556 2613; x_wconf 87' lang='lat' dir='ltr'>Et</span> <span class='ocrx_word' id='word_1_136' title='bbox 575 2549 697 2614; x_wconf 90' lang='lat' dir='ltr'>ibidem</span> <span class='ocrx_word' id='word_1_137' title='bbox 718 2549 880 2632; x_wconf 85' lang='lat' dir='ltr'>(Horatius</span> <span class='ocrx_word' id='word_1_138' title='bbox 902 2550 991 2635; x_wconf 93' lang='lat' dir='ltr'>epist.</span> <span class='ocrx_word' id='word_1_139' title='bbox 1014 2552 1028 2615; x_wconf 96' lang='lat' dir='ltr'>l</span> <span class='ocrx_word' id='word_1_140' title='bbox 1051 2551 1080 2631; x_wconf 78' lang='lat'>2,</span> <span class='ocrx_word' id='word_1_141' title='bbox 1098 2548 1169 2630; x_wconf 75' lang='lat'>62):</span> 
     </span>
     <span class='ocr_line' id='line_1_20' title="bbox 643 2650 1185 2718; baseline -0.002 -16"><span class='ocrx_word' id='word_1_142' title='bbox 643 2650 682 2702; x_wconf 86' lang='lat' dir='ltr'>ira</span> <span class='ocrx_word' id='word_1_143' title='bbox 701 2650 775 2703; x_wconf 85' lang='lat' dir='ltr'>furor</span> <span class='ocrx_word' id='word_1_144' title='bbox 793 2651 879 2705; x_wconf 85' lang='lat' dir='ltr'>brevis</span> <span class='ocrx_word' id='word_1_145' title='bbox 898 2655 954 2703; x_wconf 85' lang='lat' dir='ltr'>est:</span> <span class='ocrx_word' id='word_1_146' title='bbox 980 2653 1097 2704; x_wconf 86' lang='lat' dir='ltr'>animum</span> <span class='ocrx_word' id='word_1_147' title='bbox 1115 2665 1185 2718; x_wconf 82' lang='lat' dir='ltr'>rege.</span> 
     </span>
    </p>
   </div>
   <div class='ocr_carea' id='block_1_6' title="bbox 434 2728 1605 2821">
    <p class='ocr_par' dir='ltr' id='par_1_8' title="bbox 434 2728 1605 2821">
     <span class='ocr_line' id='line_1_21' title="bbox 434 2728 1605 2821; baseline -0.002 -22"><span class='ocrx_word' id='word_1_148' title='bbox 434 2735 635 2821; x_wconf 85' lang='lat' dir='ltr'>(Apollonius</span> <span class='ocrx_word' id='word_1_149' title='bbox 657 2735 741 2802; x_wconf 83' lang='lat' dir='ltr'>Stob.</span> <span class='ocrx_word' id='word_1_150' title='bbox 763 2738 827 2802; x_wconf 83' lang='lat' dir='ltr'>flor.</span> <span class='ocrx_word' id='word_1_151' title='bbox 848 2737 908 2801; x_wconf 89' lang='lat' dir='ltr'>XX</span> <span class='ocrx_word' id='word_1_152' title='bbox 918 2736 991 2818; x_wconf 80' lang='lat'>49):</span> <span class='ocrx_word' id='word_1_153' title='bbox 1014 2740 1071 2819; x_wconf 80' lang='grc' dir='ltr'>τῆς</span> <span class='ocrx_word' id='word_1_154' title='bbox 1091 2735 1278 2816; x_wconf 80' lang='grc' dir='ltr'><strong><em>ὅξοθνμίος</em></strong></span> <span class='ocrx_word' id='word_1_155' title='bbox 1297 2732 1336 2796; x_wconf 79' lang='lat' dir='ltr'>cd</span> <span class='ocrx_word' id='word_1_156' title='bbox 1359 2728 1466 2804; x_wconf 77' lang='grc' dir='ltr'><strong><em>ἄνθος</em></strong></span> <span class='ocrx_word' id='word_1_157' title='bbox 1485 2735 1605 2812; x_wconf 84' lang='grc' dir='ltr'><strong><em>μανία.</em></strong></span> 
     </span>
    </p>
   </div>
   <div class='ocr_carea' id='block_1_7' title="bbox 432 2850 1607 3496">
    <p class='ocr_par' dir='ltr' id='par_1_9' title="bbox 432 2850 1607 3496">
     <span class='ocr_line' id='line_1_22' title="bbox 516 2850 1607 2939; baseline -0.002 -23"><span class='ocrx_word' id='word_1_158' title='bbox 516 2854 654 2929; x_wconf 83' lang='lat' dir='ltr'>Quocum</span> <span class='ocrx_word' id='word_1_159' title='bbox 676 2874 778 2919; x_wconf 91' lang='lat' dir='ltr'>nonne</span> <span class='ocrx_word' id='word_1_160' title='bbox 806 2875 931 2939; x_wconf 87' lang='lat' dir='ltr'>prorsus</span> <span class='ocrx_word' id='word_1_161' title='bbox 954 2854 1109 2920; x_wconf 89' lang='lat' dir='ltr'>consentit</span> <span class='ocrx_word' id='word_1_162' title='bbox 1130 2851 1323 2917; x_wconf 87' lang='lat' dir='ltr'>Philemonis</span> <span class='ocrx_word' id='word_1_163' title='bbox 1353 2852 1444 2934; x_wconf 81' lang='lat' dir='ltr'>frgm.</span> <span class='ocrx_word' id='word_1_164' title='bbox 1471 2850 1607 2924; x_wconf 79' lang='grc'>1841185</span> 
     </span>
     <span class='ocr_line' id='line_1_23' title="bbox 432 2951 796 3038; baseline 0.003 -22"><span class='ocrx_word' id='word_1_165' title='bbox 432 2951 534 3034; x_wconf 85' lang='lat' dir='ltr'>(Kock</span> <span class='ocrx_word' id='word_1_166' title='bbox 557 2954 588 3017; x_wconf 90' lang='grc' dir='ltr'><strong><em>Π</em></strong></span> <span class='ocrx_word' id='word_1_167' title='bbox 611 2974 678 3038; x_wconf 85' lang='lat' dir='ltr'>pag.</span> <span class='ocrx_word' id='word_1_168' title='bbox 702 2952 796 3034; x_wconf 78' lang='lat'>529):</span> 
     </span>
     <span class='ocr_line' id='line_1_24' title="bbox 643 3044 1270 3125; baseline 0.005 -22"><span class='ocrx_word' id='word_1_169' title='bbox 643 3050 810 3123; x_wconf 83' lang='grc' dir='ltr'><strong><em>μαινόμεθα</em></strong></span> <span class='ocrx_word' id='word_1_170' title='bbox 829 3053 939 3114; x_wconf 82' lang='grc' dir='ltr'><strong><em>πάντες,</em></strong></span> <span class='ocrx_word' id='word_1_171' title='bbox 958 3044 1064 3106; x_wconf 75' lang='grc' dir='ltr'><strong><em>ὁπόταν</em></strong></span> <span class='ocrx_word' id='word_1_172' title='bbox 1082 3046 1270 3125; x_wconf 67' lang='grc' dir='ltr'><strong><em>ὅργιζοῖμεθα.</em></strong></span> 
     </span>
     <span class='ocr_line' id='line_1_25' title="bbox 642 3132 1292 3212; baseline 0.002 -22"><span class='ocrx_word' id='word_1_173' title='bbox 642 3132 671 3190; x_wconf 81' lang='grc' dir='ltr'>τὸ</span> <span class='ocrx_word' id='word_1_174' title='bbox 691 3133 746 3209; x_wconf 80' lang='grc' dir='ltr'>γὰρ</span> <span class='ocrx_word' id='word_1_175' title='bbox 765 3143 914 3210; x_wconf 82' lang='grc' dir='ltr'><strong><em>κατασχεῖν</em></strong></span> <span class='ocrx_word' id='word_1_176' title='bbox 932 3135 991 3191; x_wconf 77' lang='grc' dir='ltr'><strong><em>ἐστι</em></strong></span> <span class='ocrx_word' id='word_1_177' title='bbox 1011 3135 1063 3210; x_wconf 77' lang='grc' dir='ltr'>τὴν</span> <span class='ocrx_word' id='word_1_178' title='bbox 1081 3137 1169 3212; x_wconf 77' lang='grc' dir='ltr'><strong><em>ὀργήν</em></strong></span> <span class='ocrx_word' id='word_1_179' title='bbox 1187 3136 1292 3199; x_wconf 69' lang='grc' dir='ltr'><strong><em>πόνοςῖ</em></strong></span> 
     </span>
     <span class='ocr_line' id='line_1_26' title="bbox 432 3224 1314 3292; baseline 0.001 -4"><span class='ocrx_word' id='word_1_180' title='bbox 432 3224 471 3288; x_wconf 85' lang='lat' dir='ltr'>Et</span> <span class='ocrx_word' id='word_1_181' title='bbox 492 3225 637 3289; x_wconf 87' lang='lat' dir='ltr'>Bacchid.</span> <span class='ocrx_word' id='word_1_182' title='bbox 660 3249 688 3291; x_wconf 86' lang='lat' dir='ltr'>v.</span> <span class='ocrx_word' id='word_1_183' title='bbox 709 3227 771 3290; x_wconf 89' lang='grc'>408</span> <span class='ocrx_word' id='word_1_184' title='bbox 795 3226 983 3291; x_wconf 86' lang='lat' dir='ltr'>Philoxenus</span> <span class='ocrx_word' id='word_1_185' title='bbox 1003 3248 1128 3292; x_wconf 87' lang='lat' dir='ltr'>servum</span> <span class='ocrx_word' id='word_1_186' title='bbox 1151 3228 1314 3292; x_wconf 86' lang='lat' dir='ltr'>admonet:</span> 
     </span>
     <span class='ocr_line' id='line_1_27' title="bbox 570 3325 1318 3394; baseline 0.001 -18"><span class='ocrx_word' id='word_1_187' title='bbox 570 3325 644 3391; x_wconf 86' lang='lat' dir='ltr'>Heia,</span> <span class='ocrx_word' id='word_1_188' title='bbox 661 3325 749 3393; x_wconf 79' lang='lat' dir='ltr'>Lyde:</span> <span class='ocrx_word' id='word_1_189' title='bbox 770 3325 865 3378; x_wconf 81' lang='lat' dir='ltr'>leniter</span> <span class='ocrx_word' id='word_1_190' title='bbox 884 3327 929 3394; x_wconf 90' lang='lat' dir='ltr'>qui</span> <span class='ocrx_word' id='word_1_191' title='bbox 948 3326 1079 3391; x_wconf 86' lang='lat' dir='ltr'>saeviunt,</span> <span class='ocrx_word' id='word_1_192' title='bbox 1098 3328 1208 3394; x_wconf 88' lang='lat' dir='ltr'>sapiunt</span> <span class='ocrx_word' id='word_1_193' title='bbox 1226 3326 1318 3394; x_wconf 84' lang='lat' dir='ltr'>magis.</span> 
     </span>
     <span class='ocr_line' id='line_1_28' title="bbox 433 3411 1480 3496; baseline -0.001 -21"><span class='ocrx_word' id='word_1_194' title='bbox 433 3411 644 3496; x_wconf 84' lang='lat' dir='ltr'>Cupiditatem</span> <span class='ocrx_word' id='word_1_195' title='bbox 666 3412 750 3476; x_wconf 87' lang='lat' dir='ltr'>finiri</span> <span class='ocrx_word' id='word_1_196' title='bbox 775 3413 861 3476; x_wconf 87' lang='lat' dir='ltr'>iubet</span> <span class='ocrx_word' id='word_1_197' title='bbox 884 3413 979 3476; x_wconf 89' lang='lat' dir='ltr'>etiam</span> <span class='ocrx_word' id='word_1_198' title='bbox 1001 3413 1171 3478; x_wconf 84' lang='lat' dir='ltr'>Palaestrio</span> <span class='ocrx_word' id='word_1_199' title='bbox 1194 3413 1308 3478; x_wconf 91' lang='lat' dir='ltr'>Militis</span> <span class='ocrx_word' id='word_1_200' title='bbox 1329 3435 1357 3478; x_wconf 88' lang='lat' dir='ltr'>v.</span> <span class='ocrx_word' id='word_1_201' title='bbox 1384 3413 1480 3476; x_wconf 79' lang='lat'>1214:</span> 
     </span>
    </p>
   </div>
   <div class='ocr_carea' id='block_1_8' title="bbox 432 3509 1606 3844">
    <p class='ocr_par' dir='ltr' id='par_1_10' title="bbox 432 3509 1606 3844">
     <span class='ocr_line' id='line_1_29' title="bbox 432 3509 1411 3581; baseline 0.001 -17"><span class='ocrx_word' id='word_1_202' title='bbox 432 3509 500 3564; x_wconf 82' lang='lat' dir='ltr'>llil:</span> <span class='ocrx_word' id='word_1_203' title='bbox 535 3509 604 3574; x_wconf 79' lang='lat' dir='ltr'>Quid</span> <span class='ocrx_word' id='word_1_204' title='bbox 623 3516 702 3580; x_wconf 86' lang='lat' dir='ltr'>opust</span> <span class='ocrx_word' id='word_1_205' title='bbox 723 3512 832 3565; x_wconf 80' lang='lat' dir='ltr'>verbis?</span> <span class='ocrx_word' id='word_1_206' title='bbox 859 3513 1006 3565; x_wconf 85' lang='lat' dir='ltr'>libertatem</span> <span class='ocrx_word' id='word_1_207' title='bbox 1027 3514 1075 3566; x_wconf 90' lang='lat' dir='ltr'>tibi</span> <span class='ocrx_word' id='word_1_208' title='bbox 1095 3529 1143 3581; x_wconf 86' lang='lat' dir='ltr'>ego</span> <span class='ocrx_word' id='word_1_209' title='bbox 1162 3519 1189 3566; x_wconf 88' lang='lat' dir='ltr'>et</span> <span class='ocrx_word' id='word_1_210' title='bbox 1207 3514 1314 3566; x_wconf 86' lang='lat' dir='ltr'>divitias</span> <span class='ocrx_word' id='word_1_211' title='bbox 1333 3513 1411 3577; x_wconf 85' lang='lat' dir='ltr'>dabo,</span> 
     </span>
     <span class='ocr_line' id='line_1_30' title="bbox 537 3592 1606 3669; baseline -0.002 -18"><span class='ocrx_word' id='word_1_212' title='bbox 537 3598 565 3651; x_wconf 93' lang='lat' dir='ltr'>Si</span> <span class='ocrx_word' id='word_1_213' title='bbox 585 3599 718 3667; x_wconf 85' lang='lat' dir='ltr'>impetras.</span> <span class='ocrx_word' id='word_1_214' title='bbox 754 3597 811 3653; x_wconf 82' lang='lat' dir='ltr'>Pa:</span> <span class='ocrx_word' id='word_1_215' title='bbox 838 3601 956 3653; x_wconf 84' lang='lat' dir='ltr'>Reddam</span> <span class='ocrx_word' id='word_1_216' title='bbox 976 3602 1154 3669; x_wconf 86' lang='lat' dir='ltr'>impetratum.</span> <span class='ocrx_word' id='word_1_217' title='bbox 1190 3598 1258 3652; x_wconf 79' lang='lat' dir='ltr'>llil:</span> <span class='ocrx_word' id='word_1_218' title='bbox 1292 3601 1328 3651; x_wconf 83' lang='lat' dir='ltr'>At</span> <span class='ocrx_word' id='word_1_219' title='bbox 1346 3598 1440 3666; x_wconf 85' lang='lat' dir='ltr'>gestio.</span> <span class='ocrx_word' id='word_1_220' title='bbox 1476 3592 1532 3649; x_wconf 68' lang='lat' dir='ltr'>Pu:</span> <span class='ocrx_word' id='word_1_221' title='bbox 1569 3597 1606 3649; x_wconf 81' lang='lat' dir='ltr'>At</span> 
     </span>
     <span class='ocr_line' id='line_1_31' title="bbox 1185 3685 1390 3740; baseline -0.005 0"><span class='ocrx_word' id='word_1_222' title='bbox 1185 3687 1287 3740; x_wconf 88' lang='lat' dir='ltr'>modice</span> <span class='ocrx_word' id='word_1_223' title='bbox 1306 3685 1390 3739; x_wconf 83' lang='lat' dir='ltr'>decet.</span> 
     </span>
     <span class='ocr_line' id='line_1_32' title="bbox 538 3771 1051 3844; baseline 0.006 -20"><span class='ocrx_word' id='word_1_224' title='bbox 538 3771 673 3824; x_wconf 83' lang='lat' dir='ltr'>Moderare</span> <span class='ocrx_word' id='word_1_225' title='bbox 693 3774 792 3826; x_wconf 84' lang='lat' dir='ltr'>animo:</span> <span class='ocrx_word' id='word_1_226' title='bbox 819 3791 852 3826; x_wconf 88' lang='lat' dir='ltr'>ne</span> <span class='ocrx_word' id='word_1_227' title='bbox 871 3775 908 3827; x_wconf 92' lang='lat' dir='ltr'>sis</span> <span class='ocrx_word' id='word_1_228' title='bbox 928 3775 1051 3844; x_wconf 86' lang='lat' dir='ltr'>cupidus.</span> 
     </span>
    </p>
   </div>
   <div class='ocr_carea' id='block_1_9' title="bbox 433 3858 1607 4062">
    <p class='ocr_par' dir='ltr' id='par_1_11' title="bbox 433 3858 1607 4062">
     <span class='ocr_line' id='line_1_33' title="bbox 433 3858 1195 3942; baseline 0.005 -21"><span class='ocrx_word' id='word_1_229' title='bbox 433 3858 545 3942; x_wconf 89' lang='lat' dir='ltr'>Neque</span> <span class='ocrx_word' id='word_1_230' title='bbox 566 3858 754 3923; x_wconf 91' lang='lat' dir='ltr'>immodicus</span> <span class='ocrx_word' id='word_1_231' title='bbox 775 3882 861 3924; x_wconf 88' lang='lat' dir='ltr'>amor</span> <span class='ocrx_word' id='word_1_232' title='bbox 883 3861 1031 3926; x_wconf 89' lang='lat' dir='ltr'>vitandus</span> <span class='ocrx_word' id='word_1_233' title='bbox 1055 3883 1115 3925; x_wconf 92' lang='lat' dir='ltr'>non</span> <span class='ocrx_word' id='word_1_234' title='bbox 1139 3869 1195 3925; x_wconf 88' lang='lat' dir='ltr'>est.</span> 
     </span>
     <span class='ocr_line' id='line_1_34' title="bbox 514 3969 1607 4062; baseline -0.005 -22"><span class='ocrx_word' id='word_1_235' title='bbox 514 3976 558 4040; x_wconf 83' lang='lat' dir='ltr'>of.</span> <span class='ocrx_word' id='word_1_236' title='bbox 582 3979 672 4058; x_wconf 83' lang='lat' dir='ltr'>frgm.</span> <span class='ocrx_word' id='word_1_237' title='bbox 694 3977 755 4042; x_wconf 87' lang='lat'>483</span> <span class='ocrx_word' id='word_1_238' title='bbox 777 3977 936 4059; x_wconf 87' lang='lat' dir='ltr'>(Hermias</span> <span class='ocrx_word' id='word_1_239' title='bbox 960 3979 993 4043; x_wconf 93' lang='lat' dir='ltr'>in</span> <span class='ocrx_word' id='word_1_240' title='bbox 1020 3980 1101 4043; x_wconf 86' lang='lat' dir='ltr'>Plat.</span> <span class='ocrx_word' id='word_1_241' title='bbox 1124 3977 1300 4041; x_wconf 90' lang='lat' dir='ltr'>Phaedrum</span> <span class='ocrx_word' id='word_1_242' title='bbox 1324 3998 1353 4062; x_wconf 97' lang='lat' dir='ltr'>p.</span> <span class='ocrx_word' id='word_1_243' title='bbox 1375 3971 1448 4056; x_wconf 80' lang='lat'>76):</span> <span class='ocrx_word' id='word_1_244' title='bbox 1481 3969 1515 4036; x_wconf 84' lang='grc' dir='ltr'>οἳ</span> <span class='ocrx_word' id='word_1_245' title='bbox 1542 3975 1607 4054; x_wconf 73' lang='grc' dir='ltr'>μὲν</span> 
     </span>
    </p>
   </div>
   <div class='ocr_carea' id='block_1_10' title="bbox 430 4069 1609 4359">
    <p class='ocr_par' dir='ltr' id='par_1_12' title="bbox 430 4069 1609 4359">
     <span class='ocr_line' id='line_1_35' title="bbox 430 4069 1607 4159; baseline -0.003 -21"><span class='ocrx_word' id='word_1_246' title='bbox 430 4076 493 4156; x_wconf 72' lang='grc' dir='ltr'>γάρ</span> <span class='ocrx_word' id='word_1_247' title='bbox 522 4073 689 4156; x_wconf 69' lang='grc' dir='ltr'><strong><em>ὑπέλαβον</em></strong></span> <span class='ocrx_word' id='word_1_248' title='bbox 709 4076 823 4150; x_wconf 61' lang='lat' dir='ltr'>dulcia</span> <span class='ocrx_word' id='word_1_249' title='bbox 838 4077 964 4159; x_wconf 80' lang='grc' dir='ltr'><strong><em>φαῦλον</em></strong></span> <span class='ocrx_word' id='word_1_250' title='bbox 980 4078 1018 4139; x_wconf 84' lang='lat' dir='ltr'>cd</span> <span class='ocrx_word' id='word_1_251' title='bbox 1042 4079 1131 4159; x_wconf 83' lang='grc' dir='ltr'><strong><em>ἐρᾶν,</em></strong></span> <span class='ocrx_word' id='word_1_252' title='bbox 1153 4075 1195 4150; x_wconf 70' lang='grc' dir='ltr'>οἷς</span> <span class='ocrx_word' id='word_1_253' title='bbox 1205 4077 1390 4156; x_wconf 79' lang='grc' dir='ltr'><strong><em>Ἐπίκουρος</em></strong></span> <span class='ocrx_word' id='word_1_254' title='bbox 1407 4069 1607 4155; x_wconf 77' lang='grc' dir='ltr'><strong><em>ὁρισάμενος</em></strong></span> 
     </span>
     <span class='ocr_line' id='line_1_36' title="bbox 432 4171 1609 4260; baseline -0.001 -24"><span class='ocrx_word' id='word_1_255' title='bbox 432 4174 534 4237; x_wconf 75' lang='grc' dir='ltr'><strong><em>αὐτόν</em></strong></span> <span class='ocrx_word' id='word_1_256' title='bbox 555 4174 631 4257; x_wconf 76' lang='grc' dir='ltr'>(τόν</span> <span class='ocrx_word' id='word_1_257' title='bbox 653 4175 771 4257; x_wconf 81' lang='grc' dir='ltr'><strong><em>ἔρωτα)</em></strong></span> <span class='ocrx_word' id='word_1_258' title='bbox 804 4174 961 4241; x_wconf 75' lang='grc' dir='ltr'><strong><em>σύντονον</em></strong></span> <span class='ocrx_word' id='word_1_259' title='bbox 990 4173 1101 4260; x_wconf 75' lang='grc' dir='ltr'><strong><em>ὄρεξιν</em></strong></span> <span class='ocrx_word' id='word_1_260' title='bbox 1131 4177 1336 4260; x_wconf 70' lang='grc' dir='ltr'><strong><em>ἀφροδισίων</em></strong></span> <span class='ocrx_word' id='word_1_261' title='bbox 1364 4175 1449 4256; x_wconf 72' lang='lat' dir='ltr'>perd</span> <span class='ocrx_word' id='word_1_262' title='bbox 1470 4171 1609 4255; x_wconf 73' lang='grc' dir='ltr'><strong><em>οἴστρου</em></strong></span> 
     </span>
     <span class='ocr_line' id='line_1_37' title="bbox 430 4274 734 4359; baseline 0.01 -23"><span class='ocrx_word' id='word_1_263' title='bbox 430 4274 484 4337; x_wconf 81' lang='grc' dir='ltr'>καὶ</span> <span class='ocrx_word' id='word_1_264' title='bbox 507 4275 697 4357; x_wconf 74' lang='grc' dir='ltr'><strong><em>ἀδημονίας.</em></strong></span> <span class='ocrx_word' id='word_1_265' title='bbox 708 4276 734 4359; x_wconf 82' lang='lat'>¹)</span> 
     </span>
    </p>
   </div>
   <div class='ocr_carea' id='block_1_11' title="bbox 503 4507 930 4580">
    <p class='ocr_par' dir='ltr' id='par_1_13' title="bbox 503 4507 930 4580">
     <span class='ocr_line' id='line_1_38' title="bbox 503 4507 930 4580; baseline 0.014 -22"><span class='ocrx_word' id='word_1_266' title='bbox 503 4507 527 4572; x_wconf 91' lang='lat' dir='ltr'>l)</span> <span class='ocrx_word' id='word_1_267' title='bbox 548 4507 588 4560; x_wconf 82' lang='lat' dir='ltr'>of.</span> <span class='ocrx_word' id='word_1_268' title='bbox 607 4508 713 4561; x_wconf 81' lang='lat' dir='ltr'>lucret.</span> <span class='ocrx_word' id='word_1_269' title='bbox 731 4509 767 4561; x_wconf 88' lang='lat' dir='ltr'>IV</span> <span class='ocrx_word' id='word_1_270' title='bbox 788 4509 853 4562; x_wconf 76' lang='lat'>1057</span> <span class='ocrx_word' id='word_1_271' title='bbox 873 4528 930 4580; x_wconf 88' lang='lat' dir='ltr'>sqq.</span> 
     </span>
    </p>
   </div>
   <div class='ocr_carea' id='block_1_12' title="bbox 0 0 2042 5717">
    <p class='ocr_par' dir='ltr' id='par_1_14' title="bbox 0 0 2042 5717">
     <span class='ocr_line' id='line_1_39' title="bbox 0 0 2042 5717; baseline 0 0"><span class='ocrx_word' id='word_1_272' title='bbox 0 0 2042 5717; x_wconf 95' lang='lat' dir='ltr'> </span> 
     </span>
    </p>
   </div>
  </div>
 </body>
</html>
