4075 5717
866 715 906 725 -
949 681 989 745 re
1029 715 1085 790 ’7

381 861 500 939 Quibus
526 861 563 924 in
593 861 736 927 versibus
758 861 914 926 Plautinis
944 860 1024 925 nihil
1047 860 1142 925 aliud
1170 859 1260 927 nobis
1289 861 1431 945 praeberi
1458 869 1552 947 atque

381 961 471 1026 illam
493 962 530 1026 de
544 961 707 1047 Aristippo
726 962 874 1026 fabellam
891 961 946 1026 vix
970 961 1235 1027 demonstratione
1256 960 1383 1026 videtur
1400 961 1551 1045 indigere.

379 1062 424 1127 Ut
451 1061 534 1133 illic,
547 1062 747 1148 Aristippus,
780 1063 831 1126 sic
854 1061 906 1126 hio
923 1062 1200 1147 'Periplecomenus
1221 1061 1434 1147 vituperatur,
1469 1065 1549 1148 quod

381 1164 503 1250 copiose
526 1162 670 1244 obsonet3
702 1172 737 1227 ut
760 1163 828 1228 illic
850 1163 889 1241 ii,
920 1163 975 1247 qui
998 1171 1090 1227 autea
1111 1163 1386 1248 vituperaverunt,
1409 1185 1480 1228 cum
1502 1164 1550 1229 iu·

382 1264 474 1329 vitati
498 1264 579 1346 siut,
613 1264 747 1328 libenter
769 1272 960 1348 sequuntur,
992 1285 1093 1348 neque
1115 1263 1177 1328 iam
1209 1264 1379 1348 quidquam
1403 1264 1441 1329 de
1463 1265 1551 1351 copia

380 1364 523 1430 ciborum
546 1371 728 1449 queruntur,
763 1365 807 1428 ita
828 1364 879 1428 hic
903 1385 1025 1448 quoque
1048 1364 1227 1429 convivium
1250 1365 1385 1430 multum
1407 1366 1495 1430 abest
1516 1375 1552 1441 ut

378 1471 529 1544 renuant3
562 1471 597 1528 ut
626 1464 694 1528 illic
721 1464 828 1549 cupidi
852 1472 926 1528 sunt
947 1464 1060 1529 edendi
1082 1471 1176 1549 atque
1203 1465 1346 1551 potandi,
1377 1466 1423 1530 sic
1452 1467 1547 1532 etiam

338 1586 346 1593 ·
378 1565 432 1629 hic
451 1565 574 1631 nullum
598 1565 703 1629 cibum
726 1573 886 1650 spernunt.
932 1566 967 1631 ld
989 1586 1098 1646 uuum,
1119 1561 1201 1630 sicut
1222 1566 1285 1630 iam
1306 1566 1382 1649 dixi,
1408 1567 1548 1647 interest,

378 1667 460 1751 quod
483 1667 565 1752 apud
587 1665 735 1730 Plautum
762 1666 971 1748 lineamenta,
1004 1687 1083 1750 quae
1108 1667 1189 1751 apud
1212 1657 1383 1751 Diogenem
1404 1669 1550 1734 universe

378 1775 503 1833 tantum
525 1775 599 1832 sunt
617 1767 807 1850 significata,
841 1769 873 1833 iu
905 1767 1039 1851 singulis
1067 1768 1210 1854 partibus
1240 1769 1386 1834 omnibus
1415 1770 1499 1856 picta
1520 1780 1551 1836 et

379 1869 478 1955 polita
499 1869 645 1934 videmus
666 1869 743 1959 artis
765 1869 928 1934 coloribus.

463 1970 653 2034 Huiusmodi
684 1970 952 2057 luculentissimas
980 1969 1158 2055 voluptates
1182 1991 1253 2034 curn
1276 1977 1452 2056 expeteret,
1477 1972 1548 2037 Ari-

379 2070 519 2155 stippum
543 2070 708 2155 pecuniam
732 2091 854 2155 quoque
876 2092 997 2135 amasse
1015 2077 1109 2155 atque
1130 2070 1259 2135 divitias
1275 2071 1365 2135 facile
1381 2073 1548 2139 eredimus,

380 2170 467 2248 Quod
499 2170 564 2234 iam
595 2179 757 2256 propterea
785 2171 922 2235 maxime
951 2178 999 2234 est
1027 2170 1217 2248 verisimile,
1248 2172 1327 2255 quod
1358 2173 1459 2257 patria
1481 2174 1549 2239 aius

380 2278 468 2335 eraut
481 2271 629 2355 Cyrenas,
653 2293 732 2355 quae
751 2272 826 2335 urbs
843 2271 908 2335 illis
931 2270 1125 2356 temporibus
1148 2280 1179 2336 et
1200 2279 1374 2336 mercatura
1394 2281 1426 2336 et
1447 2281 1548 2339 terrae

380 2371 523 2435 ubertate
544 2372 619 2436 adeo
643 2371 787 2449 florebat,
819 2378 854 2434 ut
885 2372 1004 2436 incolae
1034 2393 1162 2455 magnas
1192 2372 1386 2457 possiderent
1403 2374 1547 2452 divitias.

380 2471 438 2535 Sed
475 2480 600 2536 exstant
630 2472 759 2556 insuper
787 2472 863 2536 satis
885 2472 986 2536 multa
1008 2472 1205 2554 testimonia,
1235 2466 1388 2558 equibus
1409 2482 1548 2540 amorem

380 2571 447 2653 eius
469 2571 654 2636 diuitiarum
671 2594 852 2653 cognoscere
869 2593 1043 2657 possumus.
1088 2573 1224 2638 Divitias
1245 2573 1330 2638 euim
1353 2568 1435 2638 dixit
1453 2596 1550 2660 quam*

380 2672 533 2736 maximas
555 2694 622 2742 esse
638 2673 835 2758 expetendas,
858 2694 937 2757 quae
955 2680 1083 2737 eatenus
1105 2673 1266 2738 differrent
1287 2674 1548 2756 acalceamentis,

380 2772 461 2854 quod
485 2772 629 2856 quamvis
652 2780 757 2837 essent
778 2794 917 2855 magnae,
941 2780 1047 2837 tamen
1071 2795 1242 2858 numquam
1263 2781 1367 2838 essent
1388 2775 1548 2858 inutiles„

462 2873 506 2936 Of.
531 2873 616 2938 Stob.
640 2874 703 2938 flor.
724 2875 842 2952 94‚3·2:
875 2872 934 2951 οδχ
957 2868 1075 2953 ὥσπερ
1093 2869 1254 2954 δπόδημα
1276 2873 1314 2935 τδ
1336 2877 1446 2954 μεῖζον
1468 2873 1547 2938 δύσ-

378 2991 528 3055 χρηστον,
551 2967 710 3058 οὕτωκαὶ
732 2972 752 3057 ἡ
775 2972 897 3036 πλείων
919 2975 1036 3055 κτῆσις.
1074 2974 1133 3036 τοῦ
1152 2976 1214 3052 μὲν
1234 2973 1295 3053 γδρ
1317 2974 1352 3035 ἐν
1374 2976 1415 3056 τῇ
1433 2973 1547 3056 χρήσει

377 3069 416 3132 τδ
446 3073 601 3151 περιττόν
628 3072 812 3153 ἐμποδίζει,
840 3076 880 3154 τῇ
910 3072 948 3135 δὲ
977 3074 1030 3135 καὶ
1060 3068 1119 3156 ὅλῃ
1147 3075 1292 3155 χρῆσθαι
1320 3075 1405 3136 κατα
1433 3074 1546 3154 καιρδν

379 3170 486 3244 ἔξεστι
507 3171 561 3233 καὶ
582 3181 680 3253 μέρει.
1048 3247 1051 3250 ,

462 3270 611 3337 Socratic.
635 3295 682 3358 ep.
702 3274 779 3338 VIII
801 3272 1023 3354 (Antisthenes
1045 3270 1240 3357 Aristippo):
1271 3270 1311 3334 σδ
1336 3269 1366 3333 δ’
1388 3269 1448 3333 οἴει
1469 3273 1548 3335 τοδ-

377 3392 436 3452 aqu
468 3361 551 3432 εἶναι
585 3372 779 3447 πλεονεξίαν
804 3374 862 3434 τοῦ
896 3371 1099 3450 σπουδαίου,
1133 3371 1172 3434 τδ
1205 3367 1378 3434 δύνασθαι
1398 3373 1547 3436 acanum

377 3467 528 3555 χρήματα
549 3476 611 3552 μὲν
633 3470 749 3550 πολλά,
772 3473 846 3545 τοδς
868 3471 905 3534 δὲ
928 3471 1175 3543 δυνατωτάτους
1195 3471 1280 3549 ἔχειν
1302 3470 1423 3552 φίλους.

461 3572 606 3636 Socratic.
620 3594 667 3657 ep.
680 3573 817 3637 XXIX5
836 3572 1035 3658 (Aristippus
1051 3570 1167 3651 filiae):
1191 3580 1273 3650 aspa
1297 3557 1365 3649 οὖν,
1388 3559 1414 3632 οἳ
1436 3569 1548 3653 dyada)

367 3668 486 3752 γύναι,
516 3675 609 3752 χαῖρε
637 3672 693 3734 ἐπὶ
722 3675 768 3752 τῷ
791 3671 957 3734 πλουτεῖν
974 3671 1118 3735 πλοῦτον
1146 3670 1204 3732 τδν
1227 3669 1294 3732 aad
1324 3670 1376 3733 ool
1398 3675 1548 3750 κείμενον

377 3771 431 3832 καὶ
450 3777 650 3854 κτηματίτην
673 3778 761 3834 ποίει
781 3768 900 3835 τούτου
917 3771 975 3833 adr·
998 3770 1079 3850 υἱόν,
1103 3769 1140 3832 ὃν
1159 3770 1341 3853 ἐβουλόμην
1362 3775 1424 3851 μὲν
1447 3771 1546 3846 αιῗτδς

376 3865 439 3957 ἤδη
460 3871 540 3950 ε’μδν
563 3870 634 3933 uida·
656 3863 749 3936 εἶναι.

460 3973 608 4055 Diogenis
630 3995 676 4058 ep.
700 3973 819 4038 XXXII
843 3970 1086 4059 l(AristIpp0):
1118 3968 1297 4053 daedalum·
1327 3991 1364 4036 σε
1386 3972 1549 4052 σχολάσαι

375 4076 545 4156 βασκανίᾳ
561 4074 639 4134 καθ’
662 4073 828 4154 ἡμῶνκαὶ
851 4073 943 4154 παρδ
966 4075 1013 4154 τῷ
1029 4072 1177 4152 τυράννῳ
1199 4071 1365 4149 ὀνειδίζειν
1389 4070 1546 4136 ἑκάστοτε

375 4173 436 4256 τήν
458 4173 541 4258 ἐμήν
563 4179 690 4237 πενίαν.

458 4275 567 4358 Itaque
586 4297 647 4338 non
664 4275 753 4340 modo
772 4297 791 4337 a
811 4273 975 4360 discipulis
995 4273 1159 4359 pecuniam
1176 4273 1320 4356 exigebat
1333 4273 1358 4355 ¹)
1379 4275 1548 4339 sedetiam

376 4393 445 4436 eam
466 4375 580 4455 agendi
603 4374 753 4439 rationem
780 4396 1015 4458 nonnumquam
1034 4373 1231 4457 sequebatur,
1255 4395 1334 4458 quae
1349 4374 1436 4440 uullo
1456 4377 1546 4441 modo

376 4472 499 4556 probari
524 4483 640 4559 potest3
664 4475 800 4560 exempli
823 4497 914 4539 causa
934 4476 1017 4539 haud
1040 4497 1108 4539 raro
1131 4475 1317 4558 Dionysium
1339 4475 1427 4541 adiit.

446 4579 897 4676 nmmffiummm
