4075 5717
920 645 1126 708 ..62-

524 824 594 889 Eth
617 823 684 887 Nic.
708 822 785 886 VIII
809 823 847 885 14
849 819 925 902 ,14)
952 821 1018 902 agit
1005 821 1228 886 tAristoteles
1249 820 1304 885 dc
1318 820 1495 899 beneficiis,
1529 841 1607 904 quae

439 926 601 1012 plerosque
624 921 726 1006 querit
729 942 765 985 ur
785 921 925 1007 accipere
948 921 1076 1004 quidem
1099 921 1198 1000 velle,
1218 920 1347 985 reddere
1369 927 1477 984 autem
1499 919 1607 984 existi-

438 1047 523 1090 mare
539 1025 609 1088 inut
596 1023 669 1087 tile:
692 1045 728 1084 εν
752 1020 894 1100 πάσχειν
915 1021 976 1101 γάρ
991 1042 1021 1082 οι
1013 1017 1151 1084 πολλοὶ
1169 1017 1352 1102 βούλονται,
1374 1022 1413 1083 τό
1436 1019 1476 1082 δὲ
1499 1023 1606 1083 ποιεῖν

435 1121 612 1209 φεύγουσιν
634 1121 675 1195 ὥς
707 1120 910 1200 ἀλυσιτελές,
942 1121 1027 1205 quod
1061 1121 1209 1207 repetivit
1240 1121 1311 1186 Eth
1343 1121 1412 1185 Nic.
1442 1119 1490 1184 IX
1520 1121 1607 1202 7,14

433 1220 620 1308 άμνήμονες
637 1224 698 1303 γάρ
719 1219 751 1285 οῖ
773 1220 886 1285 πολλοὶ
908 1221 963 1282 καὶ
984 1220 1110 1300 μᾶλλον
1131 1242 1167 1283 ev
1190 1215 1379 1302 πάσχεννῆ
1404 1223 1516 1283 ποιεῖν
1536 1219 1607 1302 ἐφῖ-

434 1346 533 1388 eruat.
573 1319 682 1397 δόξειε
704 1321 734 1383 δ’
756 1317 799 1384 άν·
816 1316 1041 1404 φυσικώτερον
1062 1320 1100 1382 erl
1122 1318 1236 1384 αἴσιον.

520 1423 624 1488 Amici
647 1430 701 1486 aut
703 1443 753 1484 em
784 1421 883 1502 magis
905 1441 972 1484 esse
1003 1420 1081 1484 bene
1110 1421 1210 1484 facere
1228 1441 1323 1504 quam
1353 1418 1505 1484 beneficia
1525 1417 1607 1481 acci·

435 1530 569 1607 peret
529 1522 600 1586 Eth
623 1522 691 1586 Nic
714 1521 760 1585 IX
781 1522 810 1602 9,
823 1522 841 1584 2
865 1522 989 1585 confite
945 1529 1045 1585 444444
1081 1519 1117 1582 εἴ
1139 1542 1176 1580 τε
1197 1519 1294 1602 φίλον
1314 1517 1446 1638 μᾶλλόν
1475 1517 1548 1581 ἐστι
1570 1539 1608 1578 το

434 1645 470 1686 εν
494 1625 602 1684 ποιεῖν
630 1616 652 1706 ἥ
682 1619 826 1700 πάσχειν
854 1620 949 1681 καῖ’
931 1639 1001 1683 εστι
1030 1623 1089 1683 τοῦ
1116 1615 1249 1700 dyacoo
1269 1619 1323 1681 καῖ
1345 1621 1403 1702 τῆς
1432 1617 1551 1700 άρετῇς
1571 1639 1609 1678 το

432 1721 624 1803 εὐεργετεῖν.

518 1822 606 1884 Hanc
633 1819 784 1884 virtutem
814 1820 930 1903 gratiae
953 1821 1133 1884 referendae
1162 1842 1222 1886 non
1246 1821 1352 1884 minus
1375 1820 1489 1885 acriter
1511 1840 1609 1903 quam

436 1920 635 2006 Peripatetici
668 1919 821 2004 Epicurus
854 1921 1084 2004 comprobavit,
1120 1921 1173 2004 qui
1205 1943 1331 2006 prorsus
1364 1920 1449 1984 idem
1483 1919 1610 1984 docuit:

438 2022 551 2087 melius
573 2041 640 2084 4444
665 2021 862 2084 benefacere
886 2042 979 2104 quom
1003 2021 1152 2085 beneficia
1175 2022 1324 2106 accipere.

515 2122 560 2184 CI.
585 2122 675 2202 Irgm.
699 2121 759 2183 544
792 2119 998 2201 (Plutarchus
1028 2131 1133 2185 contra
1157 2122 1284 2207 Epicuri
1315 2119 1542 2185 beatitudinem
1571 2120 1610 2182 15

437 2242 465 2304 p.
491 2218 629 2300 1097⁸):
662 2218 754 2282 ον’νοὶ
782 2219 819 2281 δὲ
849 2219 890 2302 δή
918 2241 982 2281 που
1011 2220 1056 2302 (ol
1076 2219 1299 2302 Ἐπικούρειοι)
1327 2221 1474 2302 λέγουσιν
1501 2218 1543 2291 αῖς
1568 2217 1610 2278 τά

435 2308 472 2383 εὖ
494 2322 601 2381 ποιεῖν
622 2314 717 2401 ἥδιόν
737 2319 808 2391 ἐστι
828 2321 886 2381 τοῦ
909 2317 1063 2398 πάσχειν.

518 2419 556 2482 Et
544 2417 734 2500 t(eiusdcm
757 2419 930 2504 philosoph.
954 2441 1065 2485 essec
1090 2421 1187 2505 princ
1199 2422 1265 2505 3p.
1279 2419 1360 2484 778ο
1368 2416 1398 2501 )4
1420 2417 1610 2496 Ἐπίκουρος

435 2518 587 2599 τάγαθόν
618 2518 653 2580 ἐν
683 2520 730 2598 τῷ
759 2516 943 2598 βαθυτάτῳ
971 2523 1028 2602 τῆς
1064 2519 1201 2602 ἡσυχίας
1237 2515 1351 2598 ὥσπερ
1383 2518 1419 2581 ἐν
1451 2513 1609 2596 excocto

440 2618 543 2735 λιμένι
571 2618 625 2679 καὶ
647 2620 745 2700 κωᾳῶ
773 2622 958 2700 τιθέμενος,
987 2623 1047 2683 τοῦ
1075 2621 1113 2682 εὐ
1142 2617 1287 2699 πάσχειν
1315 2618 1353 2681 co*
1376 2641 1412 2682 εο
1436 2620 1545 2679 ποιεῖν
1568 2614 1610 2679 ου’

433 2717 536 2798 μόνον
564 2717 694 2781 κάλλιον
722 2717 807 2781 ἄλλά
835 2719 889 2780 καὶ
911 2715 1004 2801 ἥδιον
1036 2711 1125 2782 εἶναί
1153 2739 1242 2803 φνσι.
1287 2722 1390 2798 χαρᾶς
1415 2719 1476 2799 γάρ
1506 2715 1609 2779 οὐδὲν

433 2839 517 2880 ουτω
537 2814 673 2898 γόνιμόν
690 2816 828 2880 4σ4ιν“
804 2841 844 2890 ως
866 2816 966 2899 χάρις.

515 2919 641 2982 Ρ444444·
671 2918 842 3004 Epicurum
873 2927 977 2983 autem
1008 2940 1078 2983 cum
1112 2918 1328 3003 Peripateticis
1357 2923 1478 2981 certent
1507 2915 1607 2979 etiam

435 3017 564 3082 Stoici
555 3039 588 3082 m
611 3019 668 3082 hac
690 3018 773 3083 virtu
775 3027 805 3081 te
775 3018 993 3082 t.laudanda

516 3118 561 3181 CI.
541 3118 719 3182 lSenecae
746 3118 783 3181 de
808 3119 906 3181 benef.
928 3118 972 3181 IV
998 3119 1052 3182 18
1090 3115 1128 3180 Ut
1156 3137 1240 3180 44444
1267 3137 1326 3201 per
1345 3137 1377 3180 44
1399 3116 1607 3202 expetendam

432 3235 495 3279 4444
514 3218 600 3300 prati
621 3218 724 3280 ocimi
745 3217 963 3299 adfectionem,
991 3238 1052 3300 per
1072 3237 1104 3280 se
1123 3215 1279 3300 faqiendo
1303 3237 1353 3280 res
1375 3223 1418 3281 444
1439 3218 1604 3297 inpratum

433 3333 508 3393 4444,
530 3317 680 3401 quonium
701 3317 784 3382 nihil
812 3338 909 3399 aeque
931 3317 1132 3382 concordiam
1153 3316 1288 3380 1444444444
1306 3318 1430 3400 pencris
1451 3317 1605 3380 4414444144

433 3434 471 3478 44
493 3415 642 3481 distrahat
663 3437 758 3498 quara
780 3418 836 3482 hoc
856 3418 976 3482 citium.

513 3515 553 3580 Et
571 3516 797 3583 ibidemVIl.
790 3519 919 3583 Grati
938 3521 1039 3583 4144444
1060 3521 1214 3583 aduersus
1236 3519 1318 3600 (1444,
1338 3526 1412 3603 prot
1415 3521 1425 3581 ν’
1401 3518 1605 3582 4441444444

431 3614 579 3695 homiues,
611 3619 697 3700 proti
727 3619 878 3684 adversus
910 3640 978 3698 444,
1011 3621 1066 3700 qui
1096 3619 1220 3704 aliquid
1251 3619 1340 3683 achia
1368 3620 1603 3703 procellerent

429 3716 515 3799 prati
536 3718 631 3782 eliam
651 3719 805 3783 adversus
826 3739 885 3797 444,
910 3722 964 3804 qai
984 3721 1102 3783 nostris
1121 3721 1355 3805 praestiterunt.

516 3833 583 3898 Duo
598 3834 679 3899 locos
696 3837 777 3920 apud
790 3837 938 3900 Plautum
960 3837 1077 3915 iuveni,
1101 3836 1155 3901 ubi
1175 3836 1291 3918 gratiae
1306 3835 1483 3899 referendae
1499 3834 1603 3899 virtus

437 3931 581 3997 laudatur
604 3955 741 4018 quosque
764 3957 801 3999 ex
826 3936 882 3999 hac
905 3937 970 4000 sive
996 3937 1273 4022 Peripateticorum
1294 3935 1361 3999 sive
1385 3935 1511 4019 Epicuri
1535 3935 1603 3998 sive

431 4030 605 4097 Stoicorum
634 4033 774 4099 doctrina
795 4035 948 4118 originem
971 4036 1082 4100 ducere
1104 4036 1259 4100 existimo.

516 4132 658 4197 Primum
674 4132 735 4223 huc
757 4135 916 4222 pertinent
934 4136 1117 4200 Mnesilochi
1141 4136 1243 4213 verba,
1264 4135 1318 4218 qui
1330 4135 1475 4199 Bacchid.
1500 4157 1528 4197 v.
1541 4134 1603 4197 339

432 4251 539 4296 secum
560 4232 627 4318 ipse
651 4233 806 4318 loquitur:

504 4471 530 4540 1)
550 4470 588 4525 cr.
607 4472 667 4527 44.
687 4473 743 4528 uro.
763 4473 823 4527 vui
843 4472 884 4541 13,
899 4472 923 4526 a.
