4075 5717
866 840 923 851 ,-
949 808 1003 870 ’ῃ
1041 840 1088 850 ..-

449 986 550 1049 ·.lam
570 1006 642 1049 vero
665 985 755 1049 nobis
776 985 1082 1070 Periplecomenum‚
1116 1009 1191 1053 num
1220 988 1297 1051 talia
1328 989 1410 1053 inter
1441 988 1570 1052 delicias

400 1093 552 1163 numeret,
576 1085 841 1166 interrogantibus
864 1088 1049 1170 non'negat.
1092 1089 1123 1153 Is
1146 1110 1268 1174 quoque
1290 1110 1413 1174 semper
1436 1091 1514 1153 bene
1537 1110 1569 1153 se

399 1183 492 1249 lrabet

480 1285 525 1349 cf.
548 1308 576 1349 v.
601 1287 678 1349 723:

542 1385 609 1439 Huic
629 1387 727 1439 bomini
747 1387 856 1454 dignum
876 1392 916 1440 est
935 1388 1042 1441 divitias
1061 1405 1119 1442 ease
1138 1395 1164 1441 et
1184 1390 1229 1442 diu
1249 1390 1327 1441 vitam
1348 1389 1414 1454 dari,

540 1471 590 1534 Qui
611 1477 637 1524 et
656 1490 708 1525 rem
730 1479 818 1526 servat
837 1479 908 1527 etse
928 1476 994 1527 bene
1015 1476 1094 1528 babet
1113 1478 1221 1544 suisque
1241 1477 1332 1529 amicis
1351 1478 1446 1529 usuist.

395 1568 431 1638 ,et
454 1559 629 1624 luxuriosos
651 1559 735 1623 cibos
757 1568 849 1623 amat.

482 1660 527 1723 Cl.
550 1682 580 1722 v.
603 1660 681 1723 738:

539 1760 616 1811 Nunc
636 1760 693 1813 volo
713 1778 843 1830 opsonare
862 1767 900 1828 ut,
920 1763 1025 1829 hospes,
1045 1765 1135 1813 tuate
1155 1778 1185 1813 er
1207 1763 1303 1813 virtute
1323 1766 1349 1813 et
1368 1778 1426 1813 mea
1515 1799 1519 1804 ·

539 1849 611 1900 Meae
631 1848 701 1900 domi
722 1849 849 1917 accipiam
870 1848 992 1915 benigne,
1011 1846 1099 1914 lepide
1118 1852 1145 1899 et
1163 1847 1259 1916 lepidis
1280 1848 1402 1901 victibus.
1460 1845 1465 1874 ³

400 1934 486 1998 Idem
508 1957 537 1998 v.
562 1937 621 2000 677
645 1936 832 2000 Pleusiclem
850 1937 1008 1999 hortatur:

540 2035 621 2087 Deum
642 2036 739 2087 virtute
759 2041 798 2088 est
818 2041 844 2087 te
862 2036 933 2087 unde
953 2035 1069 2101 hospitio
1088 2035 1215 2115 accipiam
1236 2034 1306 2101 apud
1327 2052 1367 2086 me
1385 2037 1501 2088 comiter.

538 2121 582 2179 Es,
603 2122 672 2183 bibe,
691 2123 778 2174 animo
798 2122 943 2189 obsequere
962 2137 1062 2173 mecum
1084 2126 1163 2189 atque
1182 2136 1262 2172 onera
1279 2126 1304 2174 te
1324 2120 1504 2174 hilaritudine.

401 2207 454 2271 ubi
485 2229 523 2271 ex
554 2208 716 2288 „mecum“
749 2208 854 2271 addito
885 2208 960 2290 quid
992 2208 1059 2291 ipse
1087 2207 1125 2270 de
1155 2207 1307 2270 eiusmodi
1331 2209 1424 2271 rebus
1447 2209 1570 2291 cogitet,

399 2307 475 2378 satis
505 2315 642 2393 apparet.
696 2307 855 2392 imprimis
887 2316 990 2371 autem
1022 2306 1165 2371 convivia
1202 2306 1231 2369 ei
1262 2307 1393 2390 placent.
1447 2308 1571 2373 Etenim

400 2429 460 2472 non
484 2408 586 2471 solum
610 2429 637 2470 v.
661 2408 722 2470 666
744 2406 993 2485 „hilarissimum
1019 2404 1205 2471 convivam“
1229 2426 1261 2469 se
1281 2408 1437 2500 appellat:

541 2506 588 2558 Vel
609 2506 797 2559 hilarissimum
817 2507 953 2559 convivam
973 2508 1034 2559 hinc
1054 2506 1169 2559 indidem
1190 2505 1340 2574 expromam
1360 2508 1418 2572 tibi,

398 2593 451 2657 sed
475 2593 572 2657 etiam
595 2614 633 2656 ex
655 2593 800 2657 omnibus
827 2594 1008 2678 praeceptis,
1034 2615 1112 2678 quae
1134 2594 1173 2657 ad
1196 2593 1390 2658 convivalem
1415 2595 1565 2660 rationem

399 2701 557 2778 spectant,
588 2702 778 2777 quantopere
801 2692 875 2757 haec
898 2694 1010 2776 gaudia
1039 2693 1106 2757 eius
1128 2693 1193 2757 sint
1215 2694 1248 2757 in
1276 2716 1380 2759 amore
1408 2695 1569 2759 discimus.

459 2793 525 2855 'Gt
550 2815 579 2856 v.
601 2793 787 2856 cta-647:

540 2891 585 2942 Vel
605 2890 742 2943 cavillator
761 2890 862 2943 facetus
881 2890 920 2942 vel
941 2894 1053 2942 conviva
1073 2891 1225 2944 commodus

542 2977 611 3029 ldem
632 2993 690 3029 ero:
717 2992 802 3044 neque
821 2993 869 3043 ego
889 2976 1027 3028 oblocutor
1046 2993 1103 3028 sum
1123 2977 1198 3030 alteri
1218 2978 1245 3028 in
1266 2977 1393 3029 convivio.

541 3063 758 3116 incommoditate
777 3064 910 3114 abstinere
930 3079 970 3115 me
990 3064 1060 3130 apud
1081 3065 1205 3115 convivas
1226 3063 1361 3120 commode

541 3149 727 3202 Commemini:
753 3153 778 3201 et
798 3166 871 3200 meae
890 3150 1017 3202 orationis
1039 3151 1135 3201 iustam
1157 3154 1255 3216 partem
1277 3150 1399 3216 persequi

543 3237 574 3287 Et
594 3252 676 3287 meam
698 3240 797 3303 partem
818 3236 908 3287 itidem
930 3241 1025 3297 tacere,
1047 3251 1124 3302 quom
1145 3235 1258 3287 alienast
1277 3236 1370 3287 oratio.

541 3324 647 3374 Minime
665 3326 794 3388 epotator,
814 3329 931 3374 screator
949 3340 1016 3386 sum,
1036 3322 1126 3373 itidem
1148 3323 1253 3372 minime
1274 3321 1417 3374 muccidus.

484 3409 522 3472 lit
542 3432 571 3473 v.
595 3411 775 3473 cot-655:

540 3510 630 3577 Neque
650 3525 699 3575 ego
717 3526 841 3576 umquam
861 3508 975 3559 alienum
997 3516 1111 3560 scortum
1132 3508 1248 3565 subicito
1267 3507 1295 3558 in
1314 3508 1448 3558 convivio:

540 3596 630 3663 Neque
649 3595 782 3663 praeripio
805 3594 1005 3663 pulpamentum
1027 3611 1112 3663 neque
1132 3598 1270 3663 praevorto
1290 3593 1431 3661 poculum:

540 3683 630 3749 Neque
651 3697 696 3748 per
716 3682 805 3732 vinum
824 3697 948 3748 umquam
970 3697 1002 3732 ex
1022 3698 1062 3732 rne
1081 3682 1199 3732 exoritur
1217 3678 1357 3731 discidium
1378 3680 1403 3730 in
1424 3680 1552 3731 convivio.

540 3768 628 3835 Siquis
647 3768 711 3819 ibist
730 3767 846 3829 odiosum,
867 3767 932 3818 abeo
952 3767 1069 3830 domum,
1088 3782 1234 3818 sermonem
1255 3780 1374 3832 segrego.

541 3855 678 3907 Venerem.
699 3870 812 3906 amorem
833 3855 1072 3921 amoenitatemque
1093 3854 1225 3906 accubans
1245 3868 1361 3905 exerceo.

366 3995 369 4001 .
401 3942 519 4019 Quibus
544 3942 574 4004 in
597 3942 738 4004 versibus
762 3940 791 4003 id
817 3962 939 4025 qnoque
963 3940 1110 4024 respicias
1141 3935 1359 4019 „convivium“
1384 3937 1567 4001 vocabulum

401 4042 545 4125 quotiens
570 4042 714 4116 iteretur,
748 4062 847 4124 neque
870 4040 1066 4104 obliviscaris
1089 4040 1182 4103 etiarn
1206 4038 1410 4122 Cyrenaicum
1436 4037 1569 4122 philoso-

400 4141 517 4226 phum,
554 4142 605 4223 qui
630 4162 697 4204 mos
718 4151 783 4204 erat
806 4141 1009 4218 Graecorum,
1041 4140 1161 4225 puellas
1185 4139 1221 4203 ad
1247 4138 1390 4202 convivia
1412 4158 1570 4200 assumere

399 4241 528 4305 solitum
551 4262 627 4303 esse.
672 4241 738 4303 lam
761 4260 854 4324 supra
876 4239 1044 4303 attulimus
1068 4240 1168 4304 locum
1188 4239 1333 4303 Luciani:
1359 4287 1385 4302 ..
1411 4241 1569 4316 σομπαῖι·

400 4339 509 4413 ἱκανός
536 4341 589 4401 καὶ
619 4336 772 4418 κωμάσαι
803 4338 873 4417 μετ’
895 4338 1087 4420 ariiqcpr'dog
1116 4386 1178 4418 ...,
1211 4345 1331 4422 praeter
1362 4358 1455 4422 quem
1480 4337 1567 4420 Diog.

399 4441 432 4505 la.
452 4443 482 4505 ll
504 4442 545 4505 76
575 4440 706 4504 conferri
732 4448 848 4525 potest:
883 4438 1067 4513 Πολυξένου
1101 4442 1182 4497 ποτὲ
1203 4439 1262 4498 τοῦ
1284 4438 1443 4518 σοφιστοῦ
1466 4434 1565 4498 rr'oet·

400 4541 520 4613 θόναος
546 4541 627 4621 πρὸς
649 4539 751 4602 αὐτὸν
773 4540 827 4601 καὶ
852 4544 1064 4618 θεασαμένου
1084 4535 1238 4617 γυναῖκάς
1265 4557 1301 4597 τε
1326 4536 1381 4601 καὶ
1404 4535 1568 4599 norme·

400 4640 551 4730 ὀψωνίαν
575 4691 598 4706 ..
613 4689 642 4706 ..
