4075 5717
431 868 517 948 Quod
539 869 620 933 nihil
643 878 690 933 est
710 869 797 934 aliud
818 878 912 954 atque
937 870 1034 935 illud:

639 967 691 1022 Sed
711 969 773 1037 quia
792 985 895 1038 semper
914 985 976 1023 aves
994 969 1064 1038 quod
1084 970 1168 1034 abest,
1186 967 1338 1037 praesentia
1356 965 1462 1030 temnis,

639 1055 789 1124 Inperfecta
807 1057 856 1109 tibi
875 1056 992 1125 elapsast
1011 1057 1167 1124 ingrataque
1186 1055 1241 1108 vita

641 1147 667 1194 et
685 1143 856 1209 necopinanti
875 1158 944 1195 mors
964 1142 997 1195 ad
1017 1147 1098 1210 caput
1116 1142 1228 1195 adstitit.

514 1246 658 1331 Denique
680 1245 773 1310 etiarn
799 1268 837 1310 ex
852 1247 979 1311 Terenti
1002 1246 1117 1311 tabulis
1136 1247 1276 1311 eiusdem
1301 1245 1476 1310 sententiae
1500 1238 1653 1325 exem-{⁵³

434 1346 521 1431 plum
543 1346 687 1410 adiciam.
717 1347 1064 1412 Heautontimorumeni
1080 1369 1108 1409 v.
1118 1347 1180 1409 345
1192 1345 1379 1430 Clitiphonti
1394 1346 1602 1410 exclamanti
1613 1340 1649 1417 ij

642 1445 726 1512 „Quid
746 1464 795 1516 ago
814 1446 919 1500 nunc?“
1600 1466 1604 1471 ·

435 1532 538 1597 Clinia
558 1533 684 1598 suadet:

644 1633 738 1688 Tune?
765 1635 834 1703 quod
855 1635 917 1688 boni
938 1675 943 1687 .
963 1673 970 1687 .
989 1673 1022 1686 ..

644 1721 743 1788 Datur,
766 1722 855 1774 fruare
873 1722 935 1773 dum
955 1721 1031 1785 licet;
1057 1737 1117 1773 narn
1137 1721 1241 1772 nescias

1599 1058 1635 1127 ζ’,
1645 1070 1656 1123 .'=

646 1895 710 1948 Eius
729 1896 765 1948 sit
783 1900 901 1963 potestas
920 1895 1032 1963 posthac
1051 1911 1085 1947 an
1104 1910 1247 1963 numquam
1268 1893 1325 1946 tibi.

439 1982 495 2046 cui
518 1982 655 2046 adsentit
677 1983 831 2070 Clitipho:

647 2082 744 2136 Verum
764 2082 851 2135 hercle
869 2082 939 2135 istuc
958 2087 1006 2134 est.
1418 2146 1422 2152 Ι
1670 2090 1672 2123 ÷

523 2168 582 2232 Hic
602 2167 687 2232 locus
712 2169 841 2234 idoneus
864 2169 942 2232 milri
963 2169 1097 2247 videtur,
1120 2189 1181 2252 quo
1201 2169 1413 2253 deCaptiv.v.
1427 2167 1490 2232 284
1512 2190 1624 2252 agam.
1651 2142 1672 2243 'l

440 2265 570 2332 Oraculo
594 2268 694 2349 enim,
726 2270 807 2353 quod
830 2269 919 2333 modo
941 2269 1162 2348 tractavimnS,
1193 2269 1224 2332 id
1249 2277 1356 2332 monet
1379 2267 1556 2352 Epicurus,
1589 2277 1627 2332 ut
1668 2278 1672 2353 1

441 2368 598 2452 praesenti
621 2376 760 2453 tempore
783 2369 826 2432 ita
848 2370 997 2450 fruamur,
1019 2369 1107 2453 quasi
1130 2369 1196 2432 dies
1218 2368 1387 2432 hodiernus
1410 2368 1553 2432 ultimus
1568 2369 1625 2443 sit,
1669 2356 1672 2439 l

442 2489 542 2552 neque
558 2490 656 2553 usque
672 2470 710 2532 ad
735 2470 905 2534 crastiuum
929 2471 1036 2534 vivere
1059 2468 1148 2532 uobis
1167 2468 1268 2546 liceat,
1291 2467 1407 2552 quippe
1430 2469 1515 2551 quod
1539 2469 1627 2533 scire
1666 2460 1672 2515 i

440 2568 527 2632 nullo
549 2569 639 2633 modo
663 2569 828 2653 possimus

523 2668 568 2732 of.
590 2671 681 2751 frgm.
704 2671 766 2735 490
786 2668 906 2751 (Horat.
929 2690 974 2754 ep.
1003 2670 1017 2733 Ι
1039 2671 1068 2748 4,
1095 2668 1163 2750 13):
1226 2664 1228 2666 ’

650 2769 759 2822 Omnem
778 2769 856 2822 crede
874 2769 942 2822 diem
963 2770 1011 2821 tibi
1031 2769 1161 2822 diluxisse
1181 2784 1342 2837 supremum,

650 2855 732 2908 Grata
751 2857 928 2924 superveniet,
948 2872 1015 2924 quae
1034 2871 1095 2908 non-
1109 2856 1268 2923 sperabitur,
1289 2855 1361 2906 hora.

441 2941 631 3006 Huiusmodi
652 2942 686 3006 in
709 2943 792 3006 vitae
815 2943 966 3008 rationem
989 2943 1110 3007 iocatur
1132 2942 1322 3006 Philocrates
1347 2939 1467 3024 Captis.
1492 2961 1523 3004 v.
1545 2940 1625 3021 284,

443 3040 506 3124 qui,
533 3063 604 3105 cum
626 3043 735 3126 Hegio,
760 3065 835 3107 num
856 3051 943 3127 pater
965 3042 1061 3124 vivat,
1084 3043 1262 3126 interroget,
1287 3041 1468 3127 respondet:

585 3141 687 3209 Vivom,
709 3158 786 3211 quom
807 3143 868 3195 inde
888 3143 1000 3208 abimus,
1019 3143 1155 3212 liquimus

582 3229 659 3282 Nunc
677 3230 782 3281 vivatne
801 3246 893 3296 necne,
913 3230 940 3282 id
960 3230 1055 3282 Orcum
1075 3230 1142 3283 scire
1161 3233 1266 3298 oportet
1284 3229 1393 3281 scilicet.
1406 3227 1425 3293 ¹)

525 3333 590 3396 Iam
622 3355 659 3397 ex
680 3334 746 3415 his,
776 3355 854 3417 quae
884 3334 1065 3410 attulimus,
1094 3333 1217 3397 fruendi
1248 3331 1419 3417 praeceptis
1444 3330 1623 3414 Epicurum
1649 3402 1655 3411 ,

446 3432 638 3516 voluptatem
662 3431 812 3517 (ἡδονήν)
835 3434 928 3498 finem
952 3435 1036 3498 vitae
1058 3434 1203 3497 statuisse
1227 3432 1409 3496 concludere
1441 3451 1626 3515 possumus,¹

443 3540 474 3596 et
495 3533 555 3607 τήν
576 3531 698 3619 ἡδονήν
720 3533 826 3620 ἀρχήν
846 3534 900 3596 καὶ
921 3535 1011 3608 τέλος
1032 3533 1167 3614 λέγομεν
1189 3523 1274 3595 εἶναι
1291 3534 1352 3595 τοῦ
1373 3533 1543 3612 μακαρίως
1567 3532 1627 3615 ζῆν

447 3631 514 3717 ipse
535 3633 612 3698 dicit
624 3656 671 3720 ep.
691 3636 738 3699 ΙΙΙ
758 3636 825 3700 128.
869 3636 1083 3719 Unaquaeque
1103 3642 1208 3699 autern
1229 3633 1372 3718 voluptas
1394 3639 1523 3696 naturae
1549 3654 1626 3698 con·

448 3733 537 3796 venit
567 3741 597 3797 et
625 3755 661 3798 ea
692 3736 729 3798 de
757 3756 848 3799 causa
877 3757 931 3820 per
961 3757 993 3798 se
1024 3736 1139 3798 bonum
1170 3742 1216 3797 est
1246 3733 1312 3798 sive
1342 3733 1416 3796 hinc
1439 3731 1506 3796 sive
1529 3731 1630 3798 illinc‘

449 3833 630 3897 arcessitur:
653 3832 777 3916 ταύτην
799 3835 869 3915 7029,
891 3835 991 3920 pergit
1015 3835 1089 3913 loco,
1115 3856 1208 3918 quern
1234 3834 1323 3897 modo
1344 3833 1516 3915 tetigimus
1543 3833 1629 3914 α’γα·

446 3932 515 3993 nov
543 3935 674 4014 πρῶτον
703 3934 756 3997 καὶ
789 3936 975 4015 συγγενικόν
1005 3937 1162 4015 ἔγνωμεν,
1193 3942 1224 3998 et
1254 3958 1282 3995 κ.
1313 3933 1343 3994 δ.
1365 3932 1442 3996 Vlll
1465 3930 1629 4014 legimus:

448 4029 590 4112 οὐδεμία
611 4030 711 4116 troie)
733 4034 812 4097 καθ’
835 4034 931 4099 ἑαυτό
954 4032 1066 4114 κακόν,
1089 4036 1169 4120 quod
1194 4036 1276 4099 idem
1301 4035 1405 4119 ep.lll
1422 4034 1498 4097 129:
1521 4037 1632 4101 πᾶσα

449 4121 508 4195 οὖν
539 4131 640 4220 ἡδονή
674 4134 729 4198 δια
760 4135 798 4198 ad
831 4136 932 4227 posu
963 4138 1049 4216 ἔχειν
1082 4133 1204 4197 οἰκείαν
1236 4132 1379 4215 dyadem
1423 4133 1483 4196 Sed
1507 4135 1631 4201 comici

450 4242 556 4318 poetae
578 4234 640 4320 ipsi
663 4237 719 4300 hac
741 4237 826 4302 inre
850 4238 1029 4302 testimonia
1054 4237 1143 4300 nobis
1159 4237 1317 4321 praebent,
1340 4256 1418 4319 quae
1434 4255 1472 4298 nc
1490 4236 1633 4303 nomine

450 4334 576 4417 quidem
599 4336 727 4421 Epicuri
750 4346 864 4402 carent.

1668 3316 1672 3347 l

523 4535 548 4602 1)
568 4536 606 4588 Gt.
627 4538 687 4601 Leo,
705 4536 794 4589 Plaut.
814 4538 920 4590 Forsclr.
940 4554 999 4606 pag.
1022 4537 1078 4588 116.
