4075 5717
834 695 1042 758 ..37*

347 877 482 937 aetate
496 871 631 955 caudari
647 921 734 936 .....
759 869 808 954 (7)
826 871 996 936 Senserunt
1016 872 1073 938 hoc
1087 874 1165 938 adeo
1177 872 1282 949 Stoici,
1304 872 1402 958 qui'et
1419 879 1519 942 servis

348 979 376 1037 et
396 971 584 1037 mulieribus
609 971 899 1053 philosophandum
922 992 986 1035 esse
1006 973 1174 1052 diueruut3
1204 973 1366 1058 Epicurus
1388 997 1517 1063 quoque,

347 1074 403 1159 qui
437 1073 533 1138 rudes
564 1075 705 1138 omuium
741 1074 919 1136 litterarum
947 1073 991 1136 ad
1014 1072 1249 1158 philosophiam
1281 1075 1395 1140 inuitat
1425 1125 1518 1142 .....

347 1172 397 1256 (8)
421 1174 533 1240 Geumi
562 1174 688 1259 peridem
709 1173 759 1238 illi
784 1181 860 1237 suut
885 1172 991 1254 facere
1023 1174 1106 1259 quod
1133 1175 1249 1238 ueritm
1278 1175 1433 1258 eaipehot:
1462 1175 1520 1242 sed

346 1294 412 1338 mou
434 1275 540 1360 potuit
568 1277 655 1339 ultra
684 1274 779 1338 uerba
807 1273 943 1354 procedi.
988 1272 1135 1337 Primum
1164 1276 1240 1358 quia
1266 1276 1375 1340 multis
1397 1277 1520 1342 artibus

346 1394 426 1458 opus
450 1380 495 1438 est
522 1381 557 1438 ut
579 1375 623 1439 ad
646 1373 882 1458 philosophiam
908 1374 1012 1457 possit
1034 1373 1139 1437 accedi
1160 1423 1252 1438 .....
1290 1373 1360 1456 (12)
1380 1375 1424 1441 Oh
1451 1398 1519 1441 com

347 1493 493 1538 caussam
519 1473 646 1538 Tullius
666 1474 712 1537 ait
733 1473 902 1537 abhorrere
925 1501 941 1538 u
967 1474 1167 1538 multitudiue
1185 1474 1431 1557 philosophiam.
1476 1474 1520 1544 At

347 1575 431 1638 cuim
451 1573 547 1638 rudes
569 1573 733 1658 Epicurus
761 1574 899 1658 accipiet.
959 1573 1142 1653 Quomodo
1171 1595 1243 1656 erpo
1267 1577 1341 1657 illa,
1374 1598 1454 1662 quae
1481 1577 1520 1643 de

345 1673 519 1758 principiis
540 1694 649 1737 rerum
673 1674 840 1752 dicuutur,
870 1672 1074 1755 iutellepeut?
1117 1674 1205 1756 Quae
1229 1676 1381 1760 perplana
1412 1684 1439 1740 et
1468 1679 1519 1742 iu·

347 1774 453 1838 uoluta
482 1774 536 1837 oia
565 1774 658 1836 etiam
683 1774 778 1857 politi
806 1772 946 1837 homiues
976 1779 1172 1838 ossecuutur.
1223 1775 1267 1838 Ιιι
1295 1775 1388 1840 rebus
1418 1778 1520 1861 ipitur

348 1872 537 1936 obscuritate
567 1871 733 1952 inplicatis
763 1879 790 1937 et
816 1872 1014 1956 iupeuiorum
1046 1875 1197 1937 uarietate
1224 1874 1368 1956 confusis
1396 1882 1425 1939 et
1456 1876 1518 1941 elo·

352 1973 515 2058 queutium
547 1974 689 2038 uirorum
715 1975 867 2059 exquisito
898 1993 1041 2037 sermmc
1066 1973 1188 2056 fucatis
1221 1977 1292 2060 quis
1321 1976 1456 2060 imperito
1484 2000 1522 2042 ac

351 2074 430 2138 rudi
452 2073 538 2138 locus
560 2073 629 2136 est?
671 2073 818 2159 Denique
839 2075 946 2138 uullas
962 2095 1111 2159 umquam
1134 2073 1282 2139 mulieres
1298 2074 1522 2162 philosophari

349 2174 525 2240 docueruut
546 2181 673 2257 praeter
694 2195 793 2238 uuum
816 2194 854 2238 eu
875 2176 962 2237 oraui
982 2175 1133 2238 memoria
1159 2174 1346 2240 ihemisteu.

437 2275 527 2339 Adde
550 2276 640 2358 Irgm.
666 2277 724 2338 117
755 2274 951 2356 (Athenaeus
974 2275 1052 2339 XIII
1076 2297 1104 2359 p.
1124 2275 1243 2357 588·):
1276 2279 1441 2356 μακαρίζω
1472 2294 1521 2354 σε,

347 2365 530 2456 ὦἈπελλῆ,
553 2369 603 2436 ὅτι
617 2374 765 2454 καθαρὸς
779 2373 889 2456 πάσης
904 2375 1057 2447 παιδείας
1074 2376 1131 2437 ἐπὶ
1144 2376 1343 2458 φιλοσοφίαν
1358 2372 1521 2457 ὥρμησας.

431 2475 553 2540 Deinde
589 2475 774 2559 respiciatur
805 2475 911 2539 Senec.
950 2496 997 2560 ep.
1027 2497 1103 2540 mor.
1134 2479 1184 2558 52,
1202 2479 1237 2541 3:
1277 2476 1438 2556 Quosdam
1475 2477 1522 2540 uit

348 2574 514 2660 Epicurus
535 2575 579 2638 ud
600 2575 761 2638 ueritatem
782 2575 851 2639 siue
871 2575 971 2640 ullius
995 2575 1155 2638 adiutorio
1178 2577 1289 2653 exisse,
1319 2576 1434 2658 fecisse
1462 2577 1522 2640 sihi

347 2678 432 2762 ipsos
453 2677 547 2740 eiam
583 2675 638 2739 hos
659 2677 797 2739 monimo
818 2676 948 2753 laudat,
973 2675 1085 2761 quihus
1107 2695 1145 2738 eu
1164 2695 1198 2739 se
1216 2677 1342 2760 inpetus
1360 2676 1444 2758 fuit,
1466 2677 1522 2763 qui

347 2795 381 2840 se
401 2776 465 2860 ipsi
484 2778 695 2860 protulerunt.
734 2776 888 2856 quosdam
918 2777 1061 2860 iudipere
1084 2796 1139 2860 ope
1170 2776 1293 2855 alicua,
1325 2778 1520 2859 munituras,

347 2878 378 2941 si
398 2897 488 2940 memo
504 2878 724 2961 praecesserit,
747 2876 803 2940 sed
824 2874 900 2940 beue
920 2883 1090 2940 secuturos.
1102 2874 1128 2956 ¹)

433 2996 571 3072 Quocum
593 2995 671 3058 bene
695 2994 847 3058 consentit
870 2994 949 3078 qnod
973 2994 1128 3079 Epicurus
1152 2994 1217 3078 ipse
1229 2991 1423 3076 Pythoclem,
1446 2992 1520 3056 duo-

348 3096 503 3178 deviginti
525 3117 675 3160 annorum
699 3094 941 3172 adulescentem,
963 3102 1087 3178 propter
1111 3106 1254 3157 naturam
1272 3093 1311 3156 ad
1333 3081 1519 3177 saplentiam

347 3204 454 3281 aptam
477 3196 633 3260 laudabat.

431 3299 476 3361 cf.
510 3299 600 3378 frgm.
635 3299 691 3360 161
727 3296 928 3379 (Plutarchus
958 3297 1027 3360 adv.
1051 3297 1176 3360 Coloten
1207 3295 1247 3358 29
1278 3316 1345 3378 pag.
1380 3292 1519 3374 11240):

348 3403 552 3477 προπέτειαν
573 3397 611 3458 δὲ
632 3395 686 3457 καὶ
717 3395 879 3476 λαμυρίαν
909 3397 1046 3477 ἐμποιεῖ
1065 3403 1146 3467 νέοις
1168 3394 1187 3457 o‘
1208 3395 1285 3473 περὶ
1308 3392 1520 3466 Πυθοκλέους

349 3493 443 3582 οὔπω
464 3492 629 3577 γεγονότος
659 3494 880 3560 ὀκτωκαίδεκα
909 3498 964 3578 ἔτη
994 3492 1129 3578 γράφων
1159 3494 1216 3559 οοίι
1245 3485 1331 3557 εἶναι
1360 3492 1462 3576 φύσιν
1484 3493 1521 3555 ἐν

349 3593 410 3681 ὅλῃ
431 3598 472 3678 τῇ
482 3593 608 3659 Ἑλλάδι
629 3595 754 3676 cipetra>
776 3595 830 3657 uui
852 3598 1025 3677 τερατικῶς
1045 3595 1150 3658 αὐτόν
1171 3585 1209 3659 ed
1230 3594 1444 3675 oiuayye'hhmr
1465 3592 1520 3656 καὶ
1578 3632 1581 3637 ·

350 3696 491 3776 πάσχων
513 3686 555 3760 αὖ
575 3697 613 3759 τό
634 3699 699 3759 τοῖν
714 3700 881 3778 γυναικῶν,
906 3693 1079 3778 εὐχόμενος
1096 3697 1285 3777 αἰέμέσητα
1303 3685 1388 3757 εἶναι
1404 3692 1518 3756 πάντα

349 3797 404 3860 καὶ
432 3796 650 3878 ἀνεπίφθονα
672 3799 728 3881 τῆς
749 3796 932 3881 ν’περβολῆς
954 3801 999 3876 τῷ
1031 3793 1236 3877 νεανίσκῳλ)

434 3896 577 3980 Denique
604 3896 756 3980 Epicurus
793 3897 860 3981 ipse
892 3898 957 3962 iam
986 3920 1063 3983 puer
1100 3897 1223 3981 sapiens
1253 3896 1415 3960 dicebatur
1446 3901 1477 3958 et
1501 3915 1521 3956 a

350 4003 450 4061 matre
477 3996 517 4060 iis
539 3997 651 4060 atomis
674 3997 871 4080 compositus,
896 4007 929 4061 nt
949 3999 1073 4084 sapiens
1097 3996 1250 4060 evaderet.

434 4099 478 4162 Cf.
502 4098 592 4178 frgm.
619 4098 676 4162 178
707 4096 908 4178 (Plutarchus
942 4108 1048 4163 contra
1070 4097 1198 4183 Epicuri
1230 4093 1456 4160 beatitudinem
1483 4093 1520 4156 18

350 4221 416 4284 pag.
444 4195 579 4277 1100⁸):
612 4199 667 4260 uui
696 4197 762 4280 peip
788 4196 859 4260 α’πύ
889 4194 987 4281 δόξης
1015 4201 1169 4280 γίνεσθαι
1197 4196 1257 4270 τοὶς
1284 4193 1406 4278 ήδονοὶς
1433 4192 1520 4255 Ἐπί-

422 4432 448 4498 1)
467 4430 506 4483 et.
527 4430 580 4484 cic.
600 4430 661 4482 (1.1.
680 4430 704 4482 Π
725 4431 764 4482 12.
802 4431 893 4484 Senes.
913 4448 954 4499 ep.
973 4447 1037 4483 mor.
1055 4429 1097 4494 88,
1107 4429 1149 4483 32.

345 4586 348 4591 ι
420 4517 449 4584 2)
468 4517 506 4570 cf.
525 4516 601 4584 irgm.
621 4515 678 4569 162.
699 4515 756 4569 163.
