4075 5717
825 679 1027 742 ..51-

416 856 456 921 Et
478 856 597 921 ibidem
621 859 668 936 11,
681 858 716 922 6:
738 853 821 920 ἰέναι
841 847 871 918 d'
892 852 1062 919 α’νοὲπαλιυ
1084 855 1162 929 ἴσως
1179 854 1314 937 οἱρμόζει
1337 855 1419 936 πρὸς
1438 859 1501 937 μὲν

328 955 404 1028 τούς
433 955 635 1035 ἀτυχοῦντας
655 949 796 1038 ἄκλητον
816 955 870 1017 καὶ
893 952 1075 1037 προθύμως
1095 954 1207 1038 (φίλου
1224 956 1287 1037 χοὶρ
1321 944 1359 1020 εὖ
1380 959 1498 1036 ποιείν,

329 1055 384 1118 καὶ
406 1053 555 1135 μάλιστα
577 1056 652 1128 τούς
673 1055 709 1118 εὐ
730 1059 823 1138 χρείᾳ
843 1053 950 1118 καὶτὸ
971 1056 1018 1138 μή
1031 1052 1247 1130 α’ξιιύσαντας.
1290 1055 1418 1139 α’μφοῖν
1438 1057 1499 1137 χι1ρ

329 1152 462 1218 κάλλιον
482 1155 538 1217 καὶ
558 1151 676 1238 ἥδιον),
710 1153 755 1228 εἰς
776 1154 814 1218 δὲ
835 1155 895 1228 τας
924 1154 1075 1235 εὐτυχίας
1098 1158 1315 1236 συνεργοῦντα
1336 1160 1398 1236 μὲν
1419 1179 1499 1236 προ·

330 1255 446 1336 θύμως
473 1254 540 1338 (καὶ
568 1255 630 1337 yolo
658 1252 703 1329 εἰς
732 1259 838 1319 ταῦτα
863 1259 957 1337 χρεία
989 1254 1121 1338 φίλων),
1148 1256 1231 1338 πρὸς
1248 1256 1438 1353 εύποξθειαυ
1459 1256 1498 1320 dl

331 1354 498 1435 σχολαίως.
611 1395 613 1399 -

415 1473 478 1537 Νοο
498 1494 559 1536 non
575 1472 725 1557 praebent
748 1472 827 1537 hane
849 1473 1022 1538 doctrinam
1045 1482 1153 1559 poetae
1170 1474 1291 1539 comici.

415 1572 580 1637 Philemon
602 1572 713 1636 scribit
734 1573 825 1656 frgm.
852 1575 909 1639 108
932 1571 1033 1655 (Kock
1056 1576 1087 1639 Il
1108 1595 1177 1659 pag.
1200 1570 1294 1655 513):

542 1688 569 1740 τί
585 1683 648 1740 ποτ’
666 1684 742 1742 ἐστὶν
760 1674 813 1760 ἆρα
832 1685 905 1742 διότι
923 1686 1053 1758 βούλεταί
1069 1684 1101 1760 μ’
1118 1687 1206 1752 ἰδεῖνς

544 1771 561 1847 ἢ
581 1771 715 1847 καθάπερ
735 1775 762 1828 οἱ
780 1774 928 1835 νοσοῦντες
947 1772 1100 1845 ιῖλχοῦντες
1117 1773 1232 1847 σφόδρα,

543 1858 591 1916 τὸν
609 1857 706 1934 ἰατρὸν
725 1857 761 1915 ἄν
778 1861 880 1929 ἴδωσιν,
900 1864 950 1915 οὐκ
969 1856 1082 1932 tiiyorio'
1102 1861 1152 1928 ἔτι,

544 1943 637 2014 οὕτως,
657 1945 727 2004 ε’πὰν
746 1967 789 2009 τις
808 1949 930 2023 τυγχάνῃ
948 1942 1131 2020 λυπούμενος,

547 2021 632 2108 ἧττον
650 2030 793 2101 ὄδυνᾶται,
812 2035 894 2104 φίλον
909 2030 960 2089 ἐὰν
977 2031 1093 2107 παρόντ’
1111 2035 1171 2110 idm

336 2141 375 2204 Et
398 2140 567 2204 Menander
589 2143 679 2222 i'rgm.
702 2140 763 2204 814
785 2138 886 2220 (ΚοοΙι
908 2139 955 2203 ΙΙΙ
978 2161 1047 2224 pag.
1070 2138 1164 2219 220:

547 2231 597 2308 ἡδύ
615 2256 650 2307 χε
668 2238 749 2311 φίλου
769 2237 850 2307 λόχος
868 2234 925 2291 ἐστι’
944 2245 1002 2298 τοῖς
1019 2236 1215 2311 λυπουμένοις.

337 2343 424 2407 idern
449 2346 539 2426 l'rgrn.
562 2345 622 2407 591
646 2341 746 2423 (Kook
769 2342 816 2406 lIl
838 2363 907 2426 pag.
933 2339 1022 2424 179):

547 2458 585 2531 τῷ
600 2458 655 2531 μὲν
674 2455 704 2514 τὸ
724 2459 800 2533 σῶμα
819 2457 1028 2530 σίατεθειμένῳ
1047 2456 1138 2517 κακοῖς

541 2547 624 2617 χρεία
641 2540 692 2599 ’στ’
706 2545 812 2619 ἰατροῦ,
832 2545 869 2618 τῷ
887 2540 986 2615 δὲτὴν
1005 2541 1100 2616 ψυχὴν
1118 2544 1209 2613 φίλου·

545 2628 637 2702 λύπην
654 2627 710 2705 γὰρ
730 2630 829 2692 εὔνους
847 2627 905 2685 olda
924 2630 1101 2703 θεραπεύειν
1118 2628 1208 2700 λόγος.

338 2736 384 2799 Ne
413 2736 496 2821 apud
518 2735 664 2800 Plautum
696 2737 824 2822 quidem
854 2738 969 2802 frustra
999 2735 1118 2800 similia
1145 2735 1334 2820 quaerimus,
1382 2734 1504 2820 Captiv.

337 2858 366 2900 v.
399 2836 456 2900 139
487 2857 532 2920 sq.
587 2837 746 2920 Ergasilus
786 2837 941 2923 parasitus
972 2835 1123 2918 Hegionis
1158 2835 1261 2899 lilium
1299 2835 1440 2920 deplorat
1474 2842 1505 2898 et

341 2936 475 3018 Hegioni
498 2936 717 3020 interroganti:

477 3052 588 3106 Alienus
607 3071 685 3123 quom
704 3056 762 3108 eins
780 3055 975 3108 incommodum
994 3059 1050 3106 tam
1068 3070 1146 3122 aegre
1165 3054 1244 3118 ieras,

479 3138 546 3202 Quid
566 3156 606 3192 me
626 3146 726 3209 patrem
746 3158 795 3210 par
812 3140 935 3207 moereat,
953 3141 1016 3209 quoi
1033 3140 1104 3193 illest
1122 3138 1238 3192 uniens?

482 3232 614 3286 Alienus?
638 3229 814 3315 respondet,
840 3251 888 3303 ego
907 3234 1011 3288 alienus
1030 3233 1093 3286 illii
1116 3234 1168 3286 aha
1187 3232 1278 3301 Hegio,

478 3325 628 3396 Numquam
646 3329 716 3381 istuc
736 3329 805 3382 dixis
824 3344 910 3397 neque
928 3328 1045 3380 animum
1064 3325 1172 3378 induxis
1191 3331 1278 3379 tuom:

479 3413 538 3465 Tibi
557 3413 601 3466 ille
621 3415 738 3481 unicust,
757 3416 792 3467 mi
811 3415 889 3467 etiarn
910 3415 989 3467 unico
1010 3415 1093 3482 magis
1111 3414 1216 3466 uniens,

339 3514 421 3579 Turn
444 3515 550 3581 laudat
572 3539 643 3585 eum
666 3540 777 3584 senex:

479 3632 571 3687 Laudo
591 3635 687 3687 malurn
707 3652 785 3704 quom
805 3637 882 3689 amini
901 3640 973 3689 tuom
993 3635 1069 3688 dneis
1088 3634 1194 3687 malum.

339 3734 429 3799 Adde
454 3736 583 3802 Casinae
605 3760 635 3804 v.
661 3741 718 3802 172
741 3760 804 3824 sq.:

340 3848 508 3918 Hyrrhine:
535 3892 559 3906 ..
578 3854 642 3922 quid
660 3853 713 3907 tu’s
732 3855 825 3922 tristis,
843 3853 956 3907 amabo?

340 3935 518 3992 Cleostrata:
538 3939 577 3992 lta
596 3940 683 3993 solent
699 3956 790 3994 omnes
808 3957 875 4010 quae
895 3945 958 3994 sunt
977 3938 1045 3992 male
1063 3942 1178 4006 nuptae:

534 4026 609 4078 Domi
629 4031 655 4079 et
673 4027 737 4081 ioris
757 4044 835 4096 aegre
854 4028 924 4096 qnod
945 4027 988 4090 sit,
1008 4026 1074 4077 satis
1092 4040 1195 4092 semper
1214 4029 1261 4076 est.

532 4113 598 4165 Nam
618 4130 666 4181 ego
685 4115 755 4166 ibam
775 4115 808 4167 ad
828 4119 862 4166 te.
897 4111 960 4181 ly:
981 4113 1013 4165 Et
1033 4111 1144 4181 polege
1164 4111 1233 4164 istuc
1252 4110 1284 4162 ad
1304 4115 1339 4163 te.

532 4200 583 4253 Sed
604 4201 667 4269 quid
687 4207 735 4267 est,
755 4201 825 4270 quod
843 4206 889 4253 tuo
908 4215 980 4253 nune
999 4199 1086 4250 animo
1105 4195 1229 4265 aegrest?

525 4285 590 4338 Nam
611 4287 680 4355 quod
697 4288 773 4341 tibist
792 4304 880 4355 aegre,
899 4287 966 4339 idern
988 4285 1078 4338 mihist
1096 4284 1220 4336 dividiae.

342 4391 424 4466 Quas
447 4390 595 4453 mulieres
617 4411 684 4453 esse
706 4391 822 4453 amieas
841 4410 857 4453 e
879 4411 907 4453 v.
920 4389 980 4454 203
995 4394 1133 4473 apparet,
1156 4387 1210 4450 ubi
1223 4386 1393 4450 Cleostrata
1415 4384 1509 4448 dicit:

532 4507 573 4558 Tu
592 4508 696 4574 quidem
717 4508 857 4559 advorsum
877 4512 948 4559 tuam
968 4509 1078 4559 amicam
1101 4505 1189 4557 omnia
1207 4503 1331 4572 loqueris.
