4075 5717
892 731 894 734 >
992 737 1028 747 -
1074 704 1114 767 76
1158 738 1195 747 -

593 884 796 949 cavati:

649 984 697 1036 Vel
717 985 871 1052 primarium
891 985 1038 1052 parasitum
1059 982 1132 1049 (hine
1150 984 1266 1037 indidem
1286 1000 1440 1052 expromam
1459 985 1530 1048 tibi).

594 1089 687 1152 Porro
710 1087 877 1151 narrabant
901 1088 1068 1173 scriptores
1097 1088 1220 1171 antiqui
1244 1088 1462 1174 Aristippum,
1492 1110 1681 1172 quamquam

510 1195 591 1254 esset
612 1187 824 1273 philosophus,
845 1188 927 1273 apud
951 1187 1140 1272 Dionysium
1159 1209 1220 1254 non
1243 1189 1382 1253 veritum
1405 1209 1471 1253 esse
1493 1189 1618 1253 saltare.

593 1290 638 1353 Of.
669 1287 757 1372 Diog.
786 1289 820 1352 L.
851 1288 882 1352 Il
911 1289 969 1354 78:
1013 1291 1071 1348 καί
1098 1310 1181 1349 ποτε
1204 1289 1297 1369 παρα
1329 1287 1434 1352 πότον
1470 1288 1684 1360 κελεύσαντος

509 1393 683 1464 Διονυσίου
705 1388 842 1450 ἔκαστοι·
864 1388 899 1449 a’u
922 1390 1077 1469 πορφυρᾷ
1100 1388 1220 1472 ἐσθῆτι
1246 1387 1549 1470 ὀρχήσασθαι
1572 1390 1631 1452 τόι·
1655 1392 1685 1454 δ’

508 1487 719 1568 Ἀρίστιππον
739 1487 887 1568 λαβόντα
907 1487 961 1549 καὶ
983 1487 1145 1566 μέλλοντα
1168 1488 1382 1571 ὀρχήσασθαι
1404 1480 1500 1551 εἶπεν

592 1591 620 1653 Α
643 1609 704 1672 quo
725 1588 857 1653 minime
878 1588 1026 1655 dissentit
1047 1609 1076 1652 v.
1100 1590 1178 1653 668:

613 1690 678 1741 Tum
699 1688 731 1741 ed
750 1688 900 1741 saltandum
920 1704 974 1741 non
993 1689 1120 1741 cinaedus
1140 1689 1257 1742 malaeus
1277 1694 1388 1758 aequest
1407 1693 1487 1757 atque
1506 1705 1563 1757 ego.

591 1791 672 1856 Tum
694 1792 845 1876 pretiosas
867 1794 970 1858 ve'stes
994 1792 1087 1857 illum
1110 1791 1279 1856 deleatasse
1302 1801 1412 1856 notum
1434 1800 1497 1857 est:

592 1893 636 1956 af.
660 1892 791 1957 Tantali.
821 1894 939 1978 apolog.
969 1894 1039 1958 adv.
1072 1901 1154 1976 gent.
1179 1893 1237 1957 46:
1271 1893 1457 1977 Aristippus
1479 1894 1514 1957 iu
1533 1913 1682 1977 purpura

508 1992 564 2055 sub
580 2013 697 2073 mapua
712 1993 882 2074 prauitatis
895 1994 1060 2074 superficie-
1076 1999 1244 2073 nepotatur
1259 2001 1290 2056 et
1314 1991 1445 2056 Luoiaui
1454 1991 1502 2057 bis
1513 2012 1613 2057 aecus.
1627 1990 1682 2060 23:

508 2092 585 2172 ἐμός
606 2089 667 2172 γόρ
691 2091 708 2154 ό
737 2091 837 2176 αἰιήρ,
867 2090 910 2168 ὥς
933 2095 1025 2157 aaran
1047 2091 1129 2173 ὁρᾶν
1156 2092 1227 2155 οἷπό
1256 2095 1321 2154 τῶν
1345 2075 1522 2175 στεᾷόνωιι
1544 2094 1597 2155 καὶ
1628 2098 1684 2178 τῆς

508 2193 710 2276 πορφυρίδος
732 2244 739 2258 .
753 2243 759 2256 .
773 2243 780 2257 .

589 2293 861 2378 Peripleoomenus
890 2302 995 2359 autam
1029 2292 1186 2373 „malaoa“
1220 2285 1342 2358 saltem
1365 2302 1396 2358 et
1418 2296 1562 2376 „aalida“
1586 2297 1681 2360 vesti·

511 2401 616 2457 menta
638 2393 758 2475 flagitat

612 2509 657 2573 Of.
680 2532 709 2575 v.
734 2510 814 2574 687:
904 2570 905 2574 ,

543 2606 615 2670 Quae
635 2609 698 2662 milri
717 2626 860 2678 numquam
881 2610 930 2662 hoa
947 2609 1033 2661 dieat:
1061 2613 1143 2674 „ema
1162 2610 1195 2661 mi
1216 2611 1264 2674 vir,
1285 2609 1382 2676 lanam,
1407 2611 1478 2664 unde
1503 2612 1551 2664 tibi
1570 2611 1683 2680 pellium

541 2696 669 2749 Malaoum
690 2702 716 2749 et
735 2697 848 2749 calidum
868 2694 1025 2749 conficiatur
1041 2695 1200 2762 tunicaeque
1223 2696 1348 2748 hibernae
1369 2697 1461 2762 bonae,

542 2782 581 2833 Ne
602 2782 692 2850 algeas
711 2784 760 2835 hae
779 2783 879 2836 hieme“

508 2875 539 2931 et
560 2889 621 2932 non
644 2868 756 2952 pannis
779 2869 926 2933 vestitum
951 2888 1023 2930 eum
1049 2867 1080 2929 in
1102 2887 1224 2930 saeuam
1250 2867 1372 2951 prodire
1396 2890 1450 2952 per
1472 2890 1505 2933 se
1526 2877 1623 2954 patet.

590 2985 747 3048 Postremo
773 2984 811 3048 de
833 2984 976 3049 versibus
999 2984 1060 3046 736
1084 2983 1116 3046 et
1137 2985 1197 3049 737
1227 3005 1325 3068 pauca
1347 2986 1441 3051 verba
1463 2987 1592 3065 faciam,
1625 2987 1679 3052 ubi

512 3105 607 3149 senex
629 3084 827 3166 Pleusiclem,
851 3083 906 3168 qui
925 3083 998 3147 deos
1020 3082 1222 3167 vituperavit,
1245 3084 1407 3148 admonet:

682 3183 733 3247 Qui
751 3184 860 3237 deorum
879 3182 991 3236 consilia
1010 3181 1110 3250 culpet,
1132 3181 1232 3236 stultus
1252 3183 1417 3252 inscitusque
1436 3185 1479 3250 sit,

687 3269 789 3340 Quique
808 3286 853 3324 eos
873 3271 1013 3338 vituperet.

592 3374 659 3440 Etsi
683 3375 744 3440 tale
767 3375 844 3459 quid
866 3375 904 3438 de
927 3372 1091 3458 Aristippo
1116 3372 1206 3437 uobis
1229 3395 1289 3437 non
1314 3382 1360 3438 est
1382 3373 1544 3456 traditum,
1575 3380 1682 3441 tamen

507 3475 707 3546 aTheodoro
730 3475 846 3539 librum
877 3475 996 3539 seimus
1017 3495 1084 3538 esse
1108 3472 1333 3558 compositum,
1364 3475 1453 3539 ouius
1472 3475 1587 3541 titulus
1609 3497 1681 3542 ean·

511 3576 583 3640 dem
603 3575 791 3645 sententiam
816 3574 1003 3640 continebat.

594 3692 640 3758 of.
662 3691 791 3779 Epicuri
813 3692 985 3772 sign-391
1011 3689 1112 3772 (Diog.
1135 3691 1169 3755 L.
1194 3692 1224 3756 II
1247 3693 1318 3773 97):
1348 3681 1390 3778 ἦν
1412 3693 1449 3755 δὲ
1472 3693 1489 3756 ό
1512 3689 1683 3773 Θεόδωρος

510 3790 730 3871 aulaumaiu
751 3790 894 3872 ἀναιρῶν
918 3790 977 3862 τας
999 3790 1074 3870 περὶ
1098 3793 1189 3853 θεῶν
1210 3791 1310 3867 δόξας
1330 3794 1384 3856 καὶ
1408 3794 1514 3876 αὐτοῦ,
1533 3791 1681 3874 περιετό-

501 3914 609 3972 ,pausa
630 3891 744 3974 βιβλίῳ
766 3891 1014 3974 ἐπιγραφομένῳ
1031 3890 1114 3970 Περὶ
1136 3894 1227 3953 θεῶν
1250 3890 1307 3956 otiu
1330 3893 1617 3977 εόκαταφρονήιῳ,
1646 3894 1683 3968 ἐξ

513 3979 553 4055 οὗ
576 4004 678 4074 φασιν
698 3989 886 4073 Ἐπίκουροι
906 3991 948 4053 aol
970 3990 1114 4053 nisiaea
1136 3992 1281 4073 λαβόντα
1302 3995 1419 4058 εἰπεῖν.

595 4107 774 4174 Theodorus
796 4117 900 4173 autem
929 4107 1105 4192 discipulus
1128 4118 1193 4173 erat
1214 4111 1386 4196 Aristippi,
1418 4117 1455 4176 ut
1476 4112 1535 4176 etsi
1557 4134 1620 4176 non
1641 4112 1682 4176 ad

512 4208 594 4272 huna
614 4208 728 4293 ipsum,
751 4214 857 4273 tamen
882 4208 1062 4272 adsertam
1085 4208 1213 4291 quidem
1235 4210 1436 4294 Cyrenaieam
1458 4211 1647 4294 detegamur.
1680 4248 1707 4264 .,

593 4325 684 4388 Nune
715 4345 785 4390 vero
808 4323 912 4388 animi
940 4323 1122 4408 ingeniique
1150 4325 1285 4390 indolem
1310 4327 1475 4412 utriusque
1505 4335 1681 4412 spectemus

511 4430 542 4486 et
563 4423 742 4501 videamus,
767 4445 841 4488 num
865 4445 900 4486 ea
922 4443 1046 4506 quoque
1069 4425 1178 4488 eadem
1200 4424 1242 4488 sit
1262 4427 1346 4510 apud
1366 4427 1567 4514 Aristippum
1587 4435 1681 4512 atque

511 4521 811 4605 Peripleaomenum.
1161 4519 1164 4525 ’
