4075 5717
1024 689 1231 754 ..13-

746 861 909 939 Ἐπίκουρος
925 865 1006 937 ἔλεγε
1026 865 1116 930 ταῦθ’,
1136 861 1155 918 r‘c'
1173 864 1225 919 νῦν
1243 859 1299 935 ἐγὼ
1317 863 1396 934 λέγω.

743 951 768 1006 εἰ
787 953 885 1007 τοῦτον
903 952 968 1016 ἔζων
985 954 1097 1015 πάντες,
1117 948 1149 1005 ὃν
1167 946 1221 1021 a'yd
1242 952 1277 1014 ζοῖ
1294 951 1364 1018 βίον,

743 1034 802 1092 οὔτ’
820 1037 924 1100 ἄτοπος
943 1026 977 1111 ἦν
996 1035 1032 1092 ἄν
1050 1036 1117 1092 οὔτε
1134 1035 1233 1111 μοιχὸς
1252 1032 1316 1090 οὐδὲ
1337 1028 1386 1095 εἷς.

534 1124 593 1187 Ηίε
615 1126 759 1191 amnibus
782 1127 910 1212 Epicuri
930 1127 1066 1212 exprimi
1088 1126 1277 1191 sententiam
1296 1145 1312 1188 c
1331 1143 1424 1188 versu
1439 1124 1468 1200 4,
1491 1121 1582 1187 cuius
1601 1123 1724 1183 ταῦτα

535 1231 567 1288 et
588 1225 626 1289 ad
650 1247 694 1302 ea,
727 1247 806 1310 quae
828 1227 1027 1307 antecedunt,
1058 1227 1149 1290 etad
1171 1248 1215 1303 ea,
1244 1245 1323 1309 quae
1345 1230 1528 1307 sequuntur,
1559 1223 1725 1306 pertinet,

536 1325 612 1388 satis
643 1335 780 1411 apparet.
835 1326 915 1402 Quid
950 1335 1058 1390 autem
1093 1327 1142 1390 his
1176 1325 1319 1390 versibus
1351 1324 1497 1388 admonet
1530 1321 1727 1406 Epicurus?

537 1425 652 1490 Sensus
667 1426 718 1490 hic
739 1426 863 1490 videtur
884 1447 967 1490 esse:
991 1427 1046 1511 qui
1066 1426 1231 1491 mulierem
1251 1423 1413 1508 pulchram
1433 1421 1581 1507 amplecti
1607 1430 1725 1507 potest

538 1534 569 1589 et
591 1525 651 1589 duo
665 1525 787 1590 Lesbici
810 1525 878 1590 vini
900 1527 1011 1611 pocula
1033 1527 1094 1591 sibi
1117 1547 1229 1604 emere,
1252 1524 1280 1588 is
1299 1523 1423 1608 sapiens
1444 1529 1501 1601 est,
1524 1521 1557 1585 id
1576 1543 1656 1586 vero
1676 1532 1728 1586 est

539 1628 664 1692 bonum.
707 1628 791 1691 Haec
813 1626 967 1712 Epicurus
1000 1627 1091 1706 dixit,
1126 1647 1206 1710 quae
1234 1646 1290 1707 ego
1322 1645 1405 1688 nunc
1434 1623 1512 1688 dico.
1563 1621 1599 1687 Si
1634 1623 1727 1688 hanc

539 1729 636 1792 vitam
660 1750 767 1794 amnes
790 1728 947 1806 viverent,
972 1750 1066 1812 quam
1089 1750 1142 1809 ego
1166 1725 1247 1806 vivo,
1279 1746 1380 1810 neque
1402 1724 1518 1788 stultus
1541 1724 1725 1809 quisquam

540 1837 621 1893 esset
643 1850 743 1913 neque
763 1828 903 1908 adulter,
918 1870 921 1875 ·
934 1850 972 1892 ne
994 1850 1075 1893 unus
1096 1828 1233 1912 quidem.
1277 1828 1309 1891 Is
1332 1825 1444 1909 igitur,
1478 1825 1532 1910 qui
1553 1846 1667 1889 amare
1692 1833 1725 1889 et

541 1931 628 2009 vinc,
651 1929 708 1994 hcc
731 1928 853 2012 estqui
878 1929 1037 2013 veluptate
1060 1929 1191 2008 fruitur,
1213 1927 1339 2012 sapiens
1361 1935 1417 2006 est,
1440 1927 1584 2011 voluptas
1606 1934 1725 1990 autem

542 2029 610 2114 ipsa
632 2030 747 2094 bonum
770 2028 967 2113 praedicatur
984 2037 1078 2113 atque
1096 2028 1178 2093 vitae
1198 2028 1279 2091 finis
1324 2028 1425 2091 Versu
1440 2026 1552 2090 deinde
1564 2027 1594 2102 5,
1618 2046 1724 2109 quem

545 2131 622 2194 bene
654 2129 688 2193 iu
719 2129 802 2193 hunc
835 2129 962 2192 modum
995 2129 1219 2213 interpretatur
1240 2127 1395 2192 Kockius:
1428 2128 1459 2190 si
1489 2146 1554 2188 mco
1584 2128 1726 2192 consilio

542 2237 705 2294 uterentur
726 2249 848 2302 amaea,
879 2227 954 2292 laeti
976 2233 1004 2291 et
1030 2230 1164 2292 contenti
1185 2235 1284 2292 essent
1305 2229 1362 2306 iis,
1391 2248 1472 2309 quae
1500 2227 1622 2291 homini
1646 2249 1727 2312 per·

542 2331 659 2394 missae
680 2334 765 2410 anat,
798 2327 1025 2409 voluptatibus,
1060 2329 1192 2407 iterum,
1232 2338 1268 2393 ut
1301 2329 1488 2414 cupiditates
1519 2327 1688 2410 finiamus,
1699 2327 1725 2409 ¹)

544 2427 745 2514 praecipitur.

630 2529 723 2593 Parra
740 2528 911 2614 Hegesippi
933 2520 1124 2592 afferendum
1148 2536 1195 2591 est
1218 2531 1340 2610 frgm.2
1358 2528 1458 2611 (Kock
1472 2528 1518 2593 ΙΙΙ
1538 2549 1605 2612 pag.
1619 2527 1726 2610 314):

754 2627 916 2699 Ἐπίκουρος
934 2619 948 2678 ὅ
967 2622 1053 2694 σοφὸς
1071 2623 1239 2686 αἷξιοίσαντὸς
1258 2645 1335 2687 τινος

756 2711 847 2766 εἰπεῖν
864 2709 934 2785 πρὸς
952 2708 1038 2766 αὐτὸν
1056 2710 1072 2765 ὅ
1090 2731 1116 2766 τι
1136 2708 1197 2766 ποτ’
1215 2710 1273 2767 ἐστὶ
1291 2715 1424 2783 τάγαθόν,

754 2793 770 2851 ii
789 2793 835 2852 διὰ
854 2797 949 2859 τέλους
970 2799 1105 2870 ζητοῦσιν,
1127 2795 1207 2853 εἶπεν
1226 2794 1336 2871 ἡδονήν.

756 2871 787 2938 εὖ
806 2879 833 2955 γ’
852 2872 874 2937 ὦ
892 2881 1017 2958 κράτιστ’
1036 2883 1171 2960 ἄνθρωπε
1189 2888 1237 2940 καὶ
1253 2888 1404 2955 σοφώτατε·

758 2969 809 3024 τοῦ
826 2965 882 3043 γὰρ
901 2971 1050 3043 μασᾶσθαι
1069 2979 1198 3045 κρεῖττον
1216 2969 1268 3026 οὐκ
1286 2968 1341 3026 ἔστ’
1359 2967 1424 3026 οὐδὲ
1442 2970 1473 3025 ἕν

756 3052 875 3127 dyadis·
894 3056 1043 3130 πρόσεστιν
1063 3052 1149 3133 ἡδονῇ
1166 3054 1221 3132 γὰρ
1241 3056 1380 3130 τοῖγαθόν.

549 3145 628 3237 Quid
652 3166 729 3230 opus
751 3153 797 3208 est
819 3145 945 3210 verbis?
979 3147 1116 3211 Eandem
1132 3147 1303 3213 doctrinam
1322 3148 1377 3212 sed
1394 3148 1425 3211 in
1442 3147 1574 3211 iocosam
1596 3157 1725 3233 partem

548 3253 678 3308 tractam
702 3245 854 3309 videmus

630 3345 695 3408 Iam
719 3366 792 3410 vcra
813 3352 961 3429 sequatur
982 3345 1156 3411 Damoxeni
1177 3349 1267 3428 frgm.
1290 3349 1309 3410 2
1339 3345 1439 3426 (Kock
1463 3346 1508 3410 [ΙΙ
1538 3366 1607 3430 pag.
1630 3347 1725 3430 349),

548 3444 637 3508 cuius
652 3465 798 3508 versuum
809 3444 951 3508 ordinem
963 3444 996 3509 in
1009 3447 1113 3510 codice
1125 3447 1288 3524 Athenaei,
1304 3446 1385 3531 apud
1400 3468 1494 3531 quem
1506 3447 1725 3528 fragmentum

549 3543 698 3608 traditum
722 3551 778 3626 est,
813 3544 926 3609 misere
948 3547 1164 3630 perturbatum
1187 3549 1294 3612 statim
1318 3547 1497 3612 restitutum
1521 3546 1726 3630 exserib022)

1107 3642 1271 3719 Ἑπικούρου
1289 3643 1320 3699 δέ
1337 3664 1375 3717 με

757 3723 825 3802 ὁρᾷς
841 3725 976 3802 μαθητὴν
997 3728 1064 3785 ὄντα
1086 3733 1135 3786 τοῦ
1153 3732 1249 3801 σοφοῦ,
1268 3717 1374 3805 παρ’ᾦ

757 3811 789 3869 ἐν
807 3812 841 3869 dri
860 3816 952 3870 ἔτεσιν
970 3819 1017 3871 καὶ
1034 3822 1120 3890 μησὶν
1138 3815 1188 3892 οὔχ
1208 3813 1282 3879 ὅλοις
1300 3816 1368 3872 δέκα

757 3899 872 3956 τάλαντ’
889 3901 943 3974 ἐγώ
962 3924 1006 3959 σοι
1025 3905 1224 3961 κατεπύκνωσα
1242 3904 1370 3977 τέτταρα.

624 3989 639 4041 5
717 3989 743 4041 Β
761 3988 842 4043 τοῦτο
861 3990 892 4044 δὲ
910 3993 937 4044 τί
956 3988 1051 4061 ἐστιν,·
1069 3992 1130 4048 εἰπέ
1149 4012 1208 4066 μοι.
1243 3999 1266 4046 Α
1285 3995 1436 4064 καθήγισα.

758 4071 922 4149 Ἐπίκουρος
940 4072 1012 4131 οὕτω
1031 4080 1209 4135 κατεπύκνου
1229 4076 1279 4152 τὴν
1298 4075 1408 4151 ἡδονήν,

759 4159 877 4235 ἐμασᾶτ’
895 4160 1043 4236 ἐπιμελῶς,
1063 4163 1120 4222 εἶδε
1139 4162 1269 4238 τάγαθὸν
1285 4165 1372 4238 μόνος

756 4245 864 4309 ἐκεῖνος
882 4243 941 4303 οἷόν
959 4248 1043 4305 ἐστιν·
1077 4255 1104 4306 οἱ
1121 4254 1151 4306 d'
1170 4252 1202 4308 ἐν
1221 4253 1255 4329 τῇ
1273 4253 1341 4324 στοᾷ

618 4419 644 4486 l)
664 4418 703 4473 Gi.
723 4436 784 4488 pag.
805 4421 845 4474 14.

615 4504 644 4574 2)
663 4505 701 4558 cf.
721 4506 796 4558 Kock
816 4523 877 4575 pag.
894 4504 954 4561 353.
