4075 5717
962 843 1010 856 „
1032 812 1092 876 Ἦ
1134 844 1169 858 .-

539 991 615 1060 --·cf.
648 990 730 1055 Plut.
761 991 890 1075 Dionys,
924 992 978 1056 19:
1017 990 1142 1070 διοριοὶς
1173 991 1211 1056 δὲ
1236 988 1411 1072 χρημάτων
1442 992 1572 1055 πολλῶν
1602 994 1654 1053 καὶ

488 1090 643 1163 πολλάκις
664 1094 722 1174 τοῦ
744 1094 806 1171 μὲν
827 1089 989 1176 διδόντος,
1023 1094 1082 1153 τοῦ
1105 1090 1143 1154 δὲ
1166 1092 1211 1175 μή
1233 1092 1410 1173 δεχομένου
1440 1094 1558 1173 παρών
1581 1094 1654 1172 ’Api-

475 1211 631 1265 ¹rrrcrrrzog
653 1191 672 1253 δ
691 1194 878 1273 Κυρηναῖος·
902 1190 1071 1271 α’σᾳαλῶς,
1094 1193 1167 1274 ἔφη,
1190 1192 1422 1280 μεγαλόψυχον
1443 1185 1527 1256 εἶναι
1542 1189 1655 1257 Διονύ·

472 1309 565 1360 τιον.
615 1290 727 1364 αὐτοῖς
767 1296 829 1371 μὲν
867 1292 929 1371 γάρ
965 1293 1065 1370 μικρδ
1113 1291 1242 1353 διδόναι
1277 1293 1438 1355 πλειόνων
1479 1291 1654 1371 δεομένοις,

486 1391 638 1462 Πλάτωνι
661 1391 699 1455 δὲ
722 1390 828 1455 πολλοὶ
847 1391 951 1473 μηδὲν
972 1388 1186 1471 λαμβάνοντι.
1201 1390 1225 1473 ¹)

566 1493 613 1558 Ne
634 1493 819 1557 divitiarum
839 1492 966 1577 quidem
983 1513 1121 1557 amorem
1142 1495 1256 1557 frustra
1271 1492 1354 1577 apud
1365 1492 1654 1577 Periplecomenum

482 1593 679 1677 quaerimus,
709 1593 759 1657 cui
780 1613 846 1656 esse
876 1614 949 1677 opes
972 1613 1085 1677 easque
1109 1592 1262 1657 maximas
1285 1614 1357 1655 cunr
1380 1592 1535 1657 sodalium
1561 1594 1657 1656 verba

482 1693 668 1773 ostendunt,
700 1701 768 1755 tum
801 1692 868 1779 ipse
898 1713 1022 1778 quoque
1054 1694 1222 1777 profitetur.
1274 1691 1446 1756 Pleusicles
1467 1694 1507 1756 ab
1529 1692 1656 1758 homine

484 1798 549 1856 tom
574 1792 720 1877 locupleti
743 1779 841 1877 paene
862 1800 988 1858 veretur
1009 1792 1164 1857 auxilium
1187 1800 1301 1876 petere.

488 1928 491 1936 ·
566 1910 611 1974 cr.
632 1932 661 1974 v.
685 1911 763 1975 cro:
1374 1991 1377 1996 ¹

700 2006 753 2061 Pe:
781 2008 849 2072 Quid
869 2009 895 2061 id
915 2014 964 2069 ost.
984 2009 1053 2077 quod
1073 2007 1193 2061 cruciati
1222 2008 1295 2060 cedo.
1322 2007 1358 2075 (v.
1377 2008 1441 2075 617)

701 2094 749 2148 l'l:
775 2094 857 2149 liele
876 2100 999 2163 expetere
1018 2112 1051 2149 ex
1070 2096 1167 2165 opibus
1186 2096 1295 2148 summis
1315 2096 1365 2149 mei
1385 2096 1492 2148 lionoris
1512 2096 1598 2162 gratia

771 2181 888 2251 Mihique
907 2182 1006 2233 amanti
1026 2182 1064 2234 ire
1083 2182 1252 2250 opitulatum.

483 2287 603 2355 Deinde
625 2289 763 2355 conferas
785 2285 1007 2351 Palaestrionis
1028 2287 1124 2351 verba
1147 2307 1175 2351 v.
1200 2287 1278 2351 723:

604 2386 671 2454 linio
691 2386 794 2453 homini
808 2386 917 2453 dignum
939 2391 980 2439 est
998 2386 1106 2439 divitias
1125 2401 1183 2439 esse
1202 2392 1229 2438 et
1247 2386 1293 2437 diu
1311 2386 1390 2437 vitam
1411 2385 1477 2449 dari,

606 2473 656 2560 Qui
675 2479 702 2526 et
720 2490 772 2550 reru
793 2477 879 2526 servet

484 2559 714 2632 Seuex'autour
737 2560 804 2654 ipse
827 2561 865 2624 de
889 2559 977 2625 bonis
998 2560 1064 2624 suis
1088 2560 1227 2644 loquitur

482 2663 599 2737 ν.,676;
638 2668 718 2720 ileum
739 2668 835 2720 virtute
854 2672 895 2720 est
913 2673 939 2719 te
958 2666 1029 2720 unde
1050 2667 1166 2736 hospitio
1186 2667 1313 2734 accipiam
1333 2667 1404 2734 opud
1425 2682 1465 2718 me
1486 2667 1603 2718 comiter.

482 2784 512 2826 v.
524 2763 599 2827 679:
637 2769 702 2822 Nam
724 2770 796 2835 mihi,
815 2770 892 2823 deum
913 2771 1010 2823 virtute
1029 2768 1124 2833 dicam,
1143 2775 1252 2838 proptor
1271 2768 1378 2820 divitius
1398 2783 1468 2819 meas

639 2851 727 2905 Licuit
744 2869 852 2906 uxorem
874 2853 990 2905 dotatam
1009 2869 1107 2920 genere
1126 2868 1228 2905 summo
1247 2850 1351 2903 ducere.

407 2929 409 2933 V
483 2959 510 3001 v.
523 2938 599 3002 707:
639 2944 695 2997 lleu
718 2946 786 2998 bona
810 2963 865 2999 mea
882 2952 965 3026 morte
984 2946 1105 3014 cognatis
1126 2944 1223 3008 didam,
1243 2944 1312 2997 iuter
1330 2958 1375 2995 eos
1394 2942 1516 3009 partiam.

484 3061 514 3102 v.
527 3039 605 3102 715:
642 3046 717 3099 Bona
738 3062 794 3098 mea
814 3046 919 3099 inhiant
937 3044 1075 3115 (cognati).

568 3155 854 3222 vehementissimo
875 3178 980 3222 amore
1003 3156 1180 3220 libertatem
1203 3146 1656 3238 amplectebaturAristippuS,

484 3274 545 3337 qua
568 3276 628 3318 non
651 3255 752 3319 solum
775 3256 957 3341 saepissime
973 3257 1011 3320 od
1034 3255 1272 3321 immoderatam
1294 3251 1383 3316 illam
1406 3247 1533 3313 vivendi
1558 3246 1655 3310 licen·

482 3352 577 3432 tiam,
611 3354 700 3418 cuius
722 3355 867 3440 exempla
889 3354 949 3420 iam
975 3356 1077 3420 multa
1097 3355 1252 3431 vidimus,
1285 3351 1338 3416 sed
1362 3350 1457 3414 etiarn
1483 3356 1517 3410 ut
1539 3345 1657 3433 patriae

484 3474 620 3518 amorem
644 3455 839 3537 neglegeret,
871 3456 1038 3542 perductus
1068 3465 1124 3520 est.
1169 3454 1359 3519 Libertatem
1391 3450 1476 3514 enim
1499 3449 1537 3512 ad
1569 3449 1657 3510 beate

483 3554 656 3620 vivendum
677 3546 764 3620 omui
786 3556 875 3624 ruodo
899 3554 1298 3627 necessariamiudicabat,
1323 3572 1384 3636 qua
1405 3550 1444 3614 de
1462 3570 1494 3613 re
1511 3548 1657 3613 docemur

483 3639 837 3741 allencphonta'apud
856 3677 951 3744 quem
962 3657 1146 3744 Aristippus
1170 3655 1237 3740 ipse
1258 3653 1296 3717 de
1316 3674 1352 3718 ea
1374 3650 1470 3715 dicit:
1495 3649 1656 3727 πιιρώμαι

483 3753 629 3834 βαδίζειν
702 3753 743 3816 δι’
758 3754 959 3837 ἐλευθερίας,
981 3752 1067 3838 ὅπερ
1081 3754 1226 3836 μάλιστα
1245 3756 1326 3833 πρὸς
1341 3743 1555 3831 εδδαιμονιάν
1575 3748 1656 3831 ἄγει,

485 3855 568 3929 Quae
591 3854 687 3919 verba
706 3876 777 3919 cnm
801 3857 840 3921 ab
862 3877 897 3920 eo
929 3856 974 3921 ita
995 3854 1211 3944 explicentur,
1242 3863 1276 3919 ut
1300 3852 1434 3920 madiam
1459 3852 1565 3930 illam,
1595 3873 1657 3936 qna

486 3952 614 4019 libertas
635 3963 873 4040 compararet-ur,
896 3956 981 4020 viam
1002 3975 1105 4042 nequo
1126 3975 1198 4020 curn
1222 3954 1354 4040 imperio
1378 3975 1478 4038 neque
1499 3974 1568 4018 cum
1593 3976 1656 4019 scr

486 4054 585 4119 vitute
608 4056 805 4120 coniunctam
828 4077 895 4120 esse
917 4056 1017 4136 dicat,
1048 4056 1111 4122 ium
1134 4056 1274 4122 Socrates
1300 4056 1430 4136 metuit,
1465 4077 1504 4119 ne
1526 4057 1582 4120 hec
1605 4056 1657 4119 via

485 4156 524 4217 ab
552 4156 637 4220 omui
666 4155 827 4220 homiuum
859 4156 1044 4220 commercio
1075 4166 1243 4241 separetur.
1288 4156 1372 4233 Quae
1394 4154 1530 4220 Socratis
1561 4156 1656 4220 verba

487 4255 564 4318 bene
587 4276 656 4319 curu
681 4255 720 4319 iis
752 4256 968 4333 consentiunt,
998 4276 1077 4339 quae
1106 4257 1145 4319 ab
1176 4255 1242 4341 ipso
1265 4254 1427 4341 Aristippo
1456 4255 1656 4340 pronuntiata

487 4354 653 4418 dicuntur:
686 4353 756 4417 ἀλλ’
778 4353 838 4434 ἐγώ
859 4377 917 4432 τοι,
939 4357 1018 4437 lep,
1048 4352 1118 4418 οὐδ’
1139 4353 1183 4427 οἱς
1205 4352 1374 4416 πολιτείαν
1395 4355 1540 4432 ἐμαυτόν
1559 4377 1657 4416 κατα·

486 4451 589 4532 κλείω,
607 4452 692 4517 ἄλλα
711 4458 800 4530 ξένος
818 4456 991 4534 πανταχοῦ
1007 4454 1084 4533 εἰμί.
1128 4453 1323 4541 Repudiabat
1338 4453 1435 4534 igitur
1451 4453 1505 4518 ille
1522 4455 1654 4540 patriam

559 4636 584 4702 l)
604 4635 642 4688 Gi.
663 4636 738 4702 [δίον.
756 4634 784 4687 t.
804 4635 887 4689 1178.
906 4637 947 4690 81.
967 4637 1008 4689 82.
