4075 5717
924 688 1127 753 „35-

436 867 520 950 quod
541 877 572 931 et
595 868 646 933 hic
669 877 699 931 et
723 868 789 932 illic
810 868 926 952 aliquis
949 868 1061 932 melior
1082 868 1149 932 fieri
1167 867 1270 932 studet
1294 876 1326 932 et
1348 868 1432 932 huuc
1452 866 1491 932 ad
1513 870 1608 933 linem

434 966 476 1029 ab
498 988 533 1031 eo
557 967 747 1051 postulatur,
781 976 817 1032 ut
846 967 912 1051 ipse
943 989 975 1031 se
998 975 1185 1032 contemnat.
1235 969 1300 1032 lam
1331 968 1389 1032 hac
1410 968 1507 1050 igitur
1529 988 1610 1033 oom-

435 1066 596 1150 paratione
619 1067 658 1130 ad
682 1067 869 1152 Epicureum
901 1069 1019 1131 lentem
1048 1089 1102 1131 nos
1132 1068 1268 1151 delegari
1296 1067 1438 1131 arbitror.
1482 1068 1611 1132 Accedit

437 1173 566 1244 autem,
590 1167 672 1250 quod
694 1167 776 1251 apud
800 1167 947 1232 Senecam
972 1168 1115 1232 Stoicum
1145 1177 1214 1232 sent
1202 1168 1334 1232 tentiam
1358 1166 1507 1249 legimus,
1531 1189 1610 1252 qnae

436 1263 487 1327 his
508 1266 650 1330 versibus
674 1287 800 1351 prorsus
822 1275 985 1351 repugnat

520 1366 565 1430 cf.
594 1366 700 1430 Senes
737 1366 828 1451 epist.
805 1367 966 1431 tmoral
992 1369 1004 1430 Ι
1035 1369 1064 1447 9,
1087 1369 1145 1431 22:
1189 1365 1266 1430 Nisi
1294 1317 1429 1451 sapienti
1456 1384 1520 1428 suo
1547 1384 1611 1427 noa

433 1467 567 1548 placent.
611 1464 724 1530 Omnis
744 1467 878 1530 stultitia
900 1467 1025 1532 ltoboru
1013 1466 1176 1547 tfostidio
1198 1468 1259 1530 sui.

522 1564 580 1642 Qui
611 1565 696 1630 locus
727 1575 916 1652 quantopere
939 1589 957 1630 a
979 1567 1160 1631 Trinummi
1185 1567 1324 1647 differat,
1359 1563 1429 1649 quis
1452 1571 1509 1644 est,
1534 1561 1611 1646 quin

438 1663 629 1747 intellegat?
673 1667 709 1730 In
731 1667 911 1731 Trinummi
938 1667 1003 1732 loco
1034 1665 1405 1746 marcionitarum,
1436 1683 1514 1747 quae
1537 1659 1610 1724 lecit

437 1771 471 1828 et
494 1764 579 1846 facit,
601 1765 713 1850 placet,
737 1766 872 1851 sapienti
887 1766 990 1831 Stoico
1006 1767 1120 1832 omnia.
1163 1765 1221 1829 His
1236 1765 1274 1828 de
1294 1764 1395 1828 causis
1413 1763 1484 1827 illos
1501 1781 1610 1826 versus

432 1864 607 1949 Epicureae
628 1865 787 1930 doctrinae
808 1866 1007 1931 ascribendos
1026 1887 1093 1930 esse
1116 1886 1236 1930 censeo.

520 1965 556 2028 ln
589 1966 761 2048 fragmento
784 1966 844 2031 584
878 1966 957 2048 (Cic.
990 1968 1081 2031 Tusc.
1115 1966 1195 2051 disp.
1229 1965 1277 2028 111
1309 1961 1364 2043 49)
1404 1960 1538 2043 legimus
1572 1958 1611 2022 de

436 2054 589 2148 Epicureo
618 2065 776 2150 sapiente:
811 2064 913 2150 Nepet
937 2064 1129 2152 (Epicurus)
1158 2065 1260 2130 ullum
1287 2064 1323 2127 io
1350 2061 1521 2146 sapientam
1549 2060 1611 2123 vim

432 2183 501 2228 esse
529 2163 683 2246 fortunae
712 2174 742 2230 et
770 2167 803 2231 in
835 2169 1015 2249 fragmento*
1029 2168 1089 2232 603
1120 2165 1201 2248 (Cic.
1225 2165 1263 2229 de
1285 2163 1371 2227 finib.
1396 2158 1515 2242 v93):
1549 2158 1611 2223 Isti

433 2264 512 2344 ipsi,
540 2265 597 2346 qui
618 2264 825 2351 voluptuteet
857 2266 963 2331 doloro
993 2268 1100 2330 cornio
1130 2267 1317 2345 metiuntur,
1347 2270 1452 2328 conte
1472 2260 1612 2324 alaniam

433 2366 576 2449 sapienti
594 2368 670 2450 plus
692 2386 815 2450 semper
836 2367 954 2447 adesse,
977 2368 1061 2452 quod
1082 2367 1153 2430 velit
1174 2387 1269 2453 quam
1293 2364 1377 2447 qaod
1398 2359 1502 2428 nolit?

519 2465 658 2542 Quocum
691 2487 794 2530 nonne
827 2488 924 2552 paene
962 2468 1000 2532 ad
1034 2453 1166 2532 verbum
1199 2466 1398 2532 consentiunt
1430 2460 1610 2527 Trinummi

432 2586 463 2628 v.
486 2564 545 2628 361
568 2568 637 2650 sq.?
677 2565 731 2629 ubi
755 2566 922 2649 Lystiteles
960 2568 1164 2632 Lesbonicum
1196 2567 1335 2631 amicum
1365 2564 1419 2649 qui
1444 2562 1609 2659 pecuniam

435 2684 526 2728 suam
550 2666 686 2729 comedit
707 2674 737 2729 et
760 2666 792 2730 in
817 2675 984 2748 egestatem
1009 2668 1164 2753 pervenit,
1188 2687 1335 2731 excusare
1356 2665 1477 2730 studet:

490 2763 529 2816 Ne
548 2766 689 2833 opprobia.
708 2770 797 2833 pater:
826 2766 908 2819 multa
928 2769 1054 2820 eveniunt
1074 2767 1182 2833 homini,
1204 2783 1271 2835 quae
1290 2766 1354 2832 volt,
1373 2781 1440 2834 quae
1459 2763 1557 2825 nevolt,

437 2859 527 2935 pater
548 2859 652 2915 autem
677 2851 872 2936 obloquitur:

524 2951 636 3003 Mentire
655 2951 757 3020 edepol,
776 2957 865 3019 gnate,
891 2956 970 3021 atque
988 2954 1014 3005 id
1035 2972 1106 3008 nunc
1125 2955 1191 3007 facis
1211 2954 1282 3006 haud
1302 2951 1503 3007 consuetudine.

523 3035 589 3089 Nam
610 3038 718 3105 sapiens
737 3038 844 3107 quidem
863 3039 907 3108 pol
926 3040 1002 3108 ipsus
1020 3042 1098 3110 fingit
1116 3042 1248 3095 fortunam
1270 3041 1338 3093 sibi:

522 3123 560 3177 Eo
578 3140 634 3177 non
651 3124 743 3191 multa,
762 3142 829 3194 quae
848 3126 945 3192 nevolt,
972 3130 1107 3193 eveniunt,
1125 3129 1176 3180 nisi
1191 3126 1268 3180 fictor
1282 3126 1387 3179 malost.

435 3211 526 3274 Idem
548 3210 611 3274 iam
633 3211 797 3277 Philemon
819 3216 936 3298 profert
959 3216 1039 3296 lrgm
1076 3215 1135 3278 150
1159 3213 1260 3296 (Koch
1283 3215 1314 3277 11
1336 3234 1404 3298 pag.
1427 3210 1518 3292 523):

645 3303 694 3363 ὅσα
713 3305 760 3363 διὰ
779 3307 844 3372 τοὺς
862 3306 1039 3384 πράττοντας
1058 3308 1160 3372 αὐτοὺς
1178 3314 1306 3382 γίνεται,

645 3397 737 3450 οὐδενὶ
755 3391 907 3469 πρόσεστιν
925 3396 988 3451 οὐδὲ
1007 3406 1141 3452 κοινωνεῖ
1157 3393 1232 3470 τύχη.

433 3485 517 3549 Nam
548 3485 601 3566 „in
620 3484 677 3564 iis,
712 3507 791 3570 quae
813 3486 955 3550 homiues
977 3487 1043 3551 suis
1066 3487 1206 3553 consiliis
1228 3485 1411 3568 viribusque
1437 3481 1608 3568 perficiant,

432 3587 577 3649 fortunae
600 3593 669 3670 part
669 3607 703 3650 es
726 3607 792 3650 esse
814 3595 907 3670 negat
929 3595 1028 3671 poeta,
1033 3588 1048 3619 “
1001 3587 1086 3669 al)
1115 3596 1146 3651 et
1167 3585 1198 3649 oi
1221 3585 1421 3666 πράττοντες
1441 3581 1540 3647 αὐτοί
1558 3582 1608 3646 1111

433 3683 499 3768 ipsi
521 3692 595 3748 sunt
616 3684 763 3770 Epicurei
785 3686 907 3770 sapient
909 3707 950 3751 es.

510 3784 579 3847 Huc
591 3806 645 3870 per
646 3784 770 3850 tinetet
772 3785 835 3849 iam
845 3786 946 3849 incert
948 3785 956 3848 ἰ
971 3794 1042 3870 poet
1043 3807 1078 3849 ae
1095 3788 1186 3868 l.rgm
1199 3786 1258 3850 118
1268 3783 1367 3864 (Koch
1379 3784 1464 3847 ΙΙΙ
1438 3804 1504 3867 pag.
1514 3778 1609 3861 430):

574 3885 598 3934 A
635 3876 720 3984 ιη’χην
738 3877 917 3955 oiptdueodoU
936 3887 997 3937 τίνα
1017 3879 1140 3985 aprinum
1193 3884 1218 3935 ΙΒ
1253 3875 1420 3950 φιλοσόφως.

578 3971 602 4020 Δ
638 3963 687 4022 τὸν
705 3969 758 4022 Δία
776 3968 807 4022 δὲ
824 3969 884 4029 πῶς
903 3964 1006 4037 dorem
1033 3966 1084 4023 τὸν
1101 3963 1203 4041 βορέαν
1222 3968 1252 4022 δὲ
1270 3967 1344 4036 τοῖς,Ι

580 4055 607 4107 Β
638 4058 774 4128 ζητοῦμεν
792 4051 915 4128 ἱμάτιον,
935 4057 1092 4125 βαλανεῖον,
1110 4057 1173 4129 πῦρ,
1192 4049 1303 4127 στέγην·

637 4143 685 4212 οὐχ
704 4136 822 4215 dipsacos
842 4138 989 4215 καθήμεθ’
1008 4139 1074 4197 οὐδὲ
1093 4142 1224 4213 κλαόμεν.

437 4229 592 4315 Epicurus
609 4231 694 4295 enim
708 4232 863 4296 fortunam
883 4232 1078 4316 philosophia
1093 4232 1181 4315 quasi
1199 4231 1367 4309 coercebat,
1382 4229 1435 4312 qui
1450 4230 1539 4310 lrgm.
1552 4229 1612 4292 584

437 4330 535 4394 etiam
566 4350 617 4394 ea·
634 4330 789 4396 locutione
820 4333 937 4413 utitur,
976 4333 1026 4394 cui
1060 4332 1139 4395 illud
1169 4327 1270 4410 τύχην
1308 4328 1517 4408 &miscebat
1535 4328 1611 4390 bene

510 4511 536 4577 l)
555 4510 631 4563 Koch
649 4511 667 4563 l.
686 4527 709 4564 c.

1414 4601 1450 4653 3:
