4075 5717
865 694 1070 756 ...7.5..

382 871 556 956 mundique
579 870 680 936 civem
703 891 736 934 se
759 878 884 956 putasse
908 871 1042 950 videtur,
1063 870 1153 936 cuius
1172 872 1332 953 libertatis
1348 872 1445 937 studii
1466 873 1555 941 testi·

381 972 487 1037 monia
511 972 600 1036 facile
619 972 829 1036 cumulantur.
842 971 867 1052 ¹)

465 1073 569 1150 Quid?
615 1073 671 1137 hac
702 1073 735 1137 in
772 1095 805 1137 re
836 1092 938 1137 nonne
968 1091 1076 1135 rursus
1106 1092 1177 1135 curn
1208 1072 1371 1158 Aristippo
1399 1072 1554 1139 consentit

380 1173 677 1256 Periplecornenusi
729 1172 879 1237 Libertati
909 1193 1013 1238 nonne
1042 1171 1231 1236 tantundem
1259 1171 1373 1236 tribuit
1400 1173 1554 1242 momenti

381 1282 536 1359 quantum
558 1273 636 1338 illc?

522 1374 632 1427 Liberae
651 1378 714 1426 snut
734 1373 816 1434 aedis,
835 1373 945 1426 liberum
966 1378 1054 1425 autem
1074 1390 1123 1442 ego
1143 1390 1183 1427 rne
1203 1375 1261 1427 volo
1283 1376 1378 1428 virere.

382 1463 537 1527 exclamat
560 1484 588 1526 v.
602 1463 672 1540 677,
697 1483 791 1546 quarn
815 1460 993 1524 libertatem
1016 1462 1090 1546 quia
1112 1462 1255 1526 omittere
1272 1485 1332 1527 non
1356 1463 1433 1541 vult,
1457 1461 1551 1527 etiam

383 1563 620 1628 matrimonium
653 1562 734 1625 inire
763 1571 793 1625 et
827 1561 940 1625 liberos
970 1583 1138 1647 procreare·
1160 1564 1298 1648 spernit3
1333 1564 1434 1649 pergit
1468 1564 1552 1629 enim

381 1663 516 1728 ibidem:

521 1763 586 1816 Nam
607 1763 670 1815 mibi
690 1763 766 1815 deum
786 1763 882 1816 virtute
902 1763 987 1816 dicam
1007 1769 1116 1832 propter
1134 1764 1240 1816 divitias
1260 1782 1331 1818 meas

521 1851 610 1903 Licuit
628 1866 735 1903 uxorem
756 1851 871 1902 dotatam
893 1867 989 1917 genere
1008 1867 1110 1904 summo
1130 1852 1234 1913 ducere,

521 1939 572 1991 Sed
592 1938 653 1991 nolo
673 1939 737 1990 mihi
757 1938 951 1991 oblatratricem
971 1939 998 1990 in
1020 1937 1094 1990 aedis
1113 1939 1311 2014 intromittere

385 2027 476 2111 eique
499 2025 714 2092 assentiuntur
735 2025 829 2089 amici
851 2047 881 2090 v.
906 2026 982 2090 683:

593 2125 684 2178 Hercle
703 2142 764 2178 vero
785 2125 896 2177 liberum
918 2141 976 2177 esse
995 2129 1058 2189 tete,
1077 2125 1104 2177 id
1125 2125 1207 2178 multo
1227 2126 1362 2204 lepidiust.
1415 2167 1417 2171 .

382 2224 413 2280 ei
427 2218 456 2280 V.
469 2218 546 2279 701:
592 2222 623 2273 Di
645 2222 693 2273 tibi
715 2222 821 2289 propitii
843 2226 913 2284 sunt,
932 2238 992 2273 narn
1013 2221 1100 2274 hercle
1120 2223 1141 2274 si
1161 2222 1238 2274 istam
1259 2221 1338 2290 semel
1359 2222 1479 2274 amiseris

595 2315 765 2378 Libertatem,
785 2316 855 2368 barud
874 2316 951 2368 facile
971 2318 999 2368 in
1019 2317 1131 2368 eundern
1153 2333 1242 2369 rusum
1263 2317 1388 2392 restitues
1407 2315 1502 2368 locum.

385 2403 501 2467 Versus
524 2424 645 2486 quoquc
669 2402 741 2466 inde
763 2405 802 2466 ab
825 2405 885 2466 745
907 2404 1060 2487 usquead
1082 2406 1143 2469 748
1166 2403 1338 2489 comparari
1363 2409 1510 2488 possunt:

434 2502 593 2555 Serviendae
612 2503 733 2554 servituti
754 2519 802 2570 ego
822 2518 911 2555 serres
931 2504 1046 2555 instruxi
1067 2505 1139 2566 mihi,
1385 2491 1387 2494 ⁵
1477 2509 1479 2511 ’

434 2589 544 2656 Hospes,
564 2605 616 2642 non
637 2591 680 2657 qui
702 2590 764 2641 mibi
786 2591 947 2658 imperarent
966 2578 1096 2657 (paribusve
1115 2607 1163 2658 ego
1183 2607 1266 2643 essem
1287 2591 1426 2643 obnoxius.

434 2676 461 2728 Si
483 2675 536 2728 illis
556 2680 659 2742 aegrest
679 2677 741 2727 mibi
761 2677 787 2728 id
808 2676 877 2744 quod
898 2675 977 2743 volup
998 2683 1047 2733 est,
1067 2693 1124 2729 meo
1144 2678 1252 2743 remigio
1271 2693 1325 2729 rem
1345 2680 1456 2744 gerunt:

435 2763 534 2825 Tamen
553 2762 578 2813 id
600 2763 668 2830 qrrod
690 2762 777 2814 odiost
796 2761 976 2814 faciundumst
993 2779 1051 2814 cum
1074 2763 1141 2816 rnalo
1161 2768 1240 2832 atque
1260 2763 1390 2829 ingratiis.

465 2850 582 2926 Restat,
607 2856 641 2912 ut
657 2848 824 2912 nonnullas
841 2869 889 2911 res
907 2848 1036 2932 pusillas
1055 2851 1192 2929 afferam,
1210 2870 1286 2933 quas
1305 2870 1376 2912 curn
1390 2848 1552 2934 Aristippo

384 2970 563 3013 communes
588 2948 681 3011 babet
703 2947 987 3032 Periplecomenus.
1287 2955 1292 2966 '

380 3037 382 3042 ⁵
466 3050 500 3111 ln
514 3047 579 3112 loco
589 3048 822 3132 Xenophonteo,
835 3068 927 3130 quern
943 3069 1037 3132 supra
1049 3046 1463 3131 exscripsimuvaemorab.
1475 3046 1503 3108 ll
1517 3048 1555 3111 10

382 3147 464 3211 inter
477 3147 633 3232 Aristippi
646 3146 834 3232 cupiditates
848 3147 942 3211 etiam
963 3147 1148 3224 ἐπιθυμίαν
1159 3141 1267 3208 ὕπνου
1279 3155 1551 3210 commemoratam

363 3248 536 3325 -vidimus,
568 3269 701 3330 quocum
731 3254 803 3330 apte
826 3247 957 3310 conferri
982 3267 1071 3330 posse
1092 3245 1242 3323 arbitror,
1274 3244 1354 3328 quod
1378 3245 1552 3329 Peripleco-

381 3369 491 3411 menus
524 3348 605 3410 inter
639 3354 740 3409 cetera
773 3346 966 3410 matrimonii
1001 3344 1198 3409 incommoda
1231 3344 1326 3408 etiam
1361 3345 1418 3408 hoc
1446 3346 1552 3409 affert:

380 3470 507 3511 uxorein
534 3446 681 3510 maritum
700 3468 737 3509 ne
755 3467 852 3530 usque
870 3447 907 3510 ad
927 3445 1001 3510 solis
1016 3454 1119 3509 ortum
1138 3445 1265 3529 quidem
1283 3445 1418 3509 dormire
1439 3445 1550 3509 sinere.

464 3548 509 3610 Cf.
532 3568 560 3609 v.
585 3547 661 3609 690:

487 3645 583 3696 Verum
604 3646 758 3713 priusquam
779 3644 842 3713 galli
862 3650 980 3709 cantent,
999 3662 1067 3714 quae
1086 3662 1127 3698 me
1144 3661 1158 3697 e
1177 3661 1269 3698 somno
1289 3645 1408 3699 suscitet.

381 3731 490 3813 ltaque
513 3730 563 3793 bic
587 3752 707 3814 quoque
728 3753 823 3795 senex
844 3753 952 3796 sornno
974 3732 1110 3796 libenter
1131 3754 1163 3796 se
1187 3732 1298 3795 dedere
1321 3733 1413 3797 solet,

465 3830 585 3894 Deinde
607 3854 625 3894 a
649 3831 783 3896 Luciano
811 3832 939 3897 Parasit.
962 3834 1002 3896 33
1026 3833 1210 3918 Aristippus
1233 3832 1375 3916 Dionysii
1405 3833 1551 3917 parasitis

379 3930 564 3995 ascribitur:
587 3930 724 3992 πάντων
744 3933 822 4011 γοῦν
842 3930 956 4012 ripaeis:
970 3934 1036 3992 τῶν
1058 3936 1252 4010 παρασίτων
1270 3931 1371 4004 αὐτός
1389 3932 1552 4012 caecatur

381 4030 460 4108 παρ’
482 4029 581 4110 αὐτῷ,
613 4029 707 4114 idque
731 4053 791 4095 non
820 4031 888 4096 sine
912 4033 995 4108 iure,
1027 4032 1109 4096 sieut
1131 4032 1195 4096 iam
1218 4032 1356 4097 vidimus
1378 4054 1450 4098 eum
1472 4034 1552 4099 dona

383 4132 595 4214 beneficiaque
617 4131 756 4217 accipere
779 4131 911 4196 minime
935 4131 1105 4212 dubitasse,
1136 4132 1349 4216 quinetiam,
1376 4134 1441 4197 nisi
1461 4137 1551 4199 offer·

341 4260 344 4264 ’
363 4239 504 4310 rentur,
534 4231 679 4316 precibus
701 4253 737 4295 ea
757 4238 904 4316 appetere
925 4254 986 4297 nou
1010 4232 1148 4298 veritum
1170 4254 1246 4297 esse.

463 4330 570 4394 Simili
598 4340 703 4396 autem
734 4332 824 4397 modo
855 4331 950 4396 etiam
981 4353 1078 4404 senex
1100 4353 1133 4396 se
1162 4332 1348 4418 primarium
1379 4332 1550 4417 parasitum

380 4431 530 4494 nominat.
