4075 5717
861 727 1065 791 ..65-

766 989 911 1108 Oaput
940 990 1147 1108 tertium.

725 1157 782 1226 De
813 1157 1180 1246 Peripleoomeno.

438 1294 503 1359 lam
517 1317 611 1383 supra
623 1297 763 1380 contigit,
776 1302 811 1359 ut
822 1295 945 1359 fabulae
957 1295 1092 1360 alicuius
1101 1296 1266 1360 Plautinae
1277 1318 1338 1362 non
1351 1297 1452 1363 solum
1463 1322 1539 1365 non·

368 1392 472 1458 nullos
491 1417 599 1461 versus
619 1397 673 1461 sed
693 1396 879 1481 ampliorem
897 1402 1028 1480 partem,
1048 1395 1116 1459 dico
1124 1396 1304 1460 Trinummi
1321 1418 1351 1461 v.
1363 1398 1539 1480 223-275,

367 1495 405 1558 ad
423 1495 541 1560 fontem
559 1496 810 1582 philosophicum
828 1496 944 1560 reicere
959 1496 1170 1579 potuerimus;
1194 1496 1279 1561 idem
1294 1518 1377 1562 nunc
1391 1498 1425 1562 in
1438 1499 1540 1564 Milite

370 1594 511 1661 Glorioso
541 1596 731 1661 conabimur.
775 1596 889 1680 Agitur
907 1596 949 1680 de
974 1595 1127 1674 versibus,
1159 1595 1214 1680 qui
1242 1605 1447 1662 numerantur
1465 1599 1539 1663 inde

366 1695 406 1759 ab
428 1696 488 1760 615
509 1716 609 1781 usque
628 1698 668 1762 ad
680 1699 749 1776 765,
774 1697 830 1781 qui
853 1717 987 1781 quonam
1006 1695 1040 1759 in
1058 1717 1177 1760 conexu
1198 1697 1292 1781 positi
1313 1698 1378 1762 sint
1399 1699 1538 1783 primum

367 1794 494 1860 videtur
527 1818 593 1861 esse
625 1797 856 1883 explicandum.
908 1797 952 1862 Ut
983 1817 999 1860 e
1033 1817 1124 1860 versu
1154 1796 1215 1861 598
1247 1796 1368 1881 liquido
1399 1809 1537 1885 apparet,

365 1894 546 1976 Palaestrio,
563 1896 846 1983 Periplecomenus,
861 1895 1032 1960 Pleusicles
1047 1895 1086 1959 de
1100 1895 1193 1960 rebus
1209 1896 1353 1978 gerendis
1370 1898 1538 1964 consilium

365 1995 503 2061 habituri
525 2006 608 2079 sunt,
629 1999 682 2062 sed
706 2005 871 2083 postquam
891 1996 1094 2062 inimicorum
1110 1995 1272 2060 neminem
1293 1996 1326 2060 in
1345 1997 1448 2082 platea
1470 2021 1538 2065 esse

365 2096 664 2181 omniaquesecura
692 2098 754 2162 sibi
776 2097 931 2184 persuasit
953 2117 1072 2176 seruus,
1107 2097 1183 2162 haec
1205 2098 1390 2165 deliberatio
1413 2108 1538 2168 tantum

364 2196 453 2260 abest
470 2203 506 2260 ut
518 2205 675 2282 sequatur,
700 2206 735 2262 ut
753 2198 860 2262 statim
878 2197 1045 2262 consilium
1063 2198 1210 2283 probetur
1227 2196 1432 2280 (erl-612),
1454 2201 1535 2285 quod

364 2295 429 2360 iam
451 2305 543 2362 antea
568 2299 653 2364 dorni
677 2299 831 2363 intereos
859 2298 1049 2363 convenerit.
1094 2297 1270 2362 Consilium
1301 2305 1408 2363 autern
1430 2299 1537 2385 ipsum

364 2417 457 2461 versu
480 2397 609 2463 demum
629 2401 690 2463 764
709 2399 911 2485 percipimus,
932 2405 968 2462 ut
990 2419 1099 2462 versus
1114 2407 1241 2463 centum
1259 2408 1290 2462 et
1308 2400 1536 2485 quinquaginta

366 2495 543 2582 interpositi
574 2499 654 2578 sint,
686 2500 801 2583 quibus
834 2499 956 2564 fabulae
986 2499 1067 2563 actio
1104 2499 1272 2583 quominus
1300 2501 1446 2586 procedat
1475 2503 1536 2566 im·

364 2596 499 2682 peditur.
552 2600 634 2680 ,Am
664 2599 939 2666 allerstbrendsten
969 2598 1128 2678 l'reilioh,“
1162 2600 1268 2684 inquit
1290 2601 1496 2685 Ribbechius,
1509 2600 1535 2684 ¹)

366 2698 436 2777 ,fiir
464 2699 524 2763 den
557 2699 711 2783 Fortgang
740 2701 795 2764 der
824 2699 993 2782 Handlung
1024 2699 1095 2762 sind
1121 2699 1172 2764 die
1201 2701 1424 2786 gesprdchigen
1452 2703 1534 2767 Aus-

365 2795 533 2882 lassungen
549 2799 603 2863 des
618 2801 713 2864 Alten
728 2799 790 2881 (Ill
805 2799 846 2882 1),
869 2800 985 2864 welche
1005 2800 1039 2863 in
1059 2799 1111 2864 die
1134 2799 1358 2884 beabsichtigte
1376 2801 1534 2886 Beratung
1622 2812 1624 2816 ‘

364 2896 423 2961 wie
446 2899 496 2963 ein
519 2899 593 2964 Keil
615 2900 899 2983 hineingeschoben
921 2900 1055 2965 werden.
1099 2901 1151 2965 An
1173 2901 1256 2980 sich,
1290 2901 1479 2984 wenigstens
1499 2903 1534 2966 in

364 2997 465 3063 ihrem
489 2999 591 3082 Kern,
624 3000 815 3064 vortrefllich
846 3022 901 3064 zur
931 2999 1176 3065 Charakteristilr
1205 3001 1259 3065 des
1287 3001 1534 3086 lebenslustigen

362 3098 428 3162 und
448 3099 941 3183 weltersahrenenJunggesellen
957 3101 1111 3184 geeignet‚
1134 3101 1205 3165 sind
1227 3101 1272 3165 sie
1294 3102 1372 3166 doch
1394 3123 1454 3167 von
1475 3125 1532 3168 un·

361 3198 688 3283 verha'ltnismdssiger
710 3201 816 3264 Breite
845 3200 908 3264 und
930 3222 1003 3265 zum
1025 3200 1095 3265 Teil
1122 3223 1162 3265 an
1184 3201 1245 3264 deu
1265 3202 1390 3266 Haaren
1411 3203 1532 3281 herbei-

262 3346 264 3350 »
362 3318 506 3382 gerogen.
559 3300 762 3383 Wenigstens
792 3301 842 3365 die
871 3322 900 3365 v.
924 3303 986 3366 736
1015 3303 1280 3387 ausgesprochene
1302 3302 1436 3367 Absicht
1463 3303 1533 3368 des·

361 3398 480 3478 selben,
499 3402 578 3483 jetnt
594 3399 747 3464 llinkiufe
766 3421 837 3464 zum
853 3399 950 3465 Essen
968 3401 1099 3466 macheu
1120 3424 1159 3466 zu
1172 3402 1294 3481 wellen,
1318 3401 1359 3466 ist
1381 3404 1532 3485 geradezn

361 3498 590 3583 improvisiert,
620 3522 674 3564 um
703 3522 742 3564 ιιι
771 3501 826 3564 der
854 3501 1015 3566 hiibschen
1038 3501 1342 3585 Sittenschilderung
1370 3522 1400 3566 v.
1422 3503 1483 3568 750
1500 3504 1530 3569 li.

361 3598 411 3663 die
433 3599 555 3664 Briiclre
576 3621 614 3663 zu
638 3599 760 3680 bilden,
789 3602 936 3666 w'e'hrend
968 3602 1047 3667 doch
1075 3602 1130 3666 der
1151 3601 1226 3667 Alte
1254 3602 1299 3666 im
1319 3602 1447 3686 Anfang
1476 3603 1532 3667 der

361 3699 467 3764 Scene
491 3699 574 3765 heim
600 3701 822 3765 Heraustreten
851 3701 920 3767 eine
949 3702 1052 3767 selcha
1074 3701 1209 3766 Absicht
1241 3702 1434 3786 lreineswegs
1462 3724 1530 3768 ver·

299 3853 302 3858 .
360 3806 448 3864 raten
470 3800 542 3880 bat,
575 3801 655 3864 auch
684 3800 772 3865 nicht
802 3803 914 3867 darauf
941 3803 1192 3881 zuriicklrommt,
1225 3802 1346 3867 obwohl
1370 3824 1403 3866 er
1428 3802 1531 3867 dieses

360 3899 507 3973 Gesohdft
525 3900 586 3965 mit
609 3900 679 3967 dem
696 3901 784 3984 Gang
805 3923 845 3966 ιιι
866 3902 969 3966 seiner
982 3902 1127 3967 Klientin
1140 3900 1232 3984 (803)
1254 3901 1335 3967 wohl
1349 3901 1531 3986 vereinigen

360 3998 506 4065 lronnte.“

442 4102 611 4166 Hominem
633 4102 730 4184 igitur
752 4109 788 4165 ut
810 4101 977 4188 depingere
992 4110 1105 4188 posset,
1128 4103 1183 4187 qui
1201 4124 1529 4169 morumsermonum·

360 4222 420 4286 que
449 4202 645 4268 iucunditate
673 4210 883 4289 spectatorum
913 4203 1035 4268 animos
1056 4203 1241 4283 oblectaret,
1270 4204 1325 4269 hos
1351 4225 1460 4269 versus
1480 4204 1529 4270 in·

360 4303 459 4367 seruit
492 4311 589 4388 poeta.
644 4305 793 4369 Nostrum
825 4311 930 4370 autem
964 4310 1011 4367 est
1042 4324 1207 4388 quaerere,
1239 4325 1317 4368 num
1348 4303 1529 4390 exemplum

430 4488 456 4555 1)
478 4489 607 4558 Ribbeck,
625 4489 736 4557 Alazon,
755 4490 799 4541 ein
808 4489 917 4555 Beitrag
935 4504 983 4540 rur
1001 4487 1111 4541 antiken
1120 4487 1259 4555 Ethologie
1271 4487 1327 4539 und
1339 4487 1528 4540 zurKenntnis

358 4573 405 4630 dar
422 4576 734 4645 griechischrdmiscben
751 4574 888 4629 Komddie.
916 4574 1028 4643 Leipzig
1048 4573 1123 4628 1882.

1333 4664 1350 4720 5
