4075 5717
833 697 1035 762 ‚39-

362 873 421 928 Ph:
450 875 518 938 Quin
538 876 598 930 leno
618 877 661 930 hic
679 877 790 929 habitat.
826 874 881 929 Pe:
901 877 983 930 Nemo
1003 877 1065 930 hine
1085 877 1209 947 prohibet
1227 892 1276 929 nec
1294 880 1376 937 vetat,

448 962 519 1026 Quin
537 963 608 1032 qued
629 964 742 1033 palamst
763 964 863 1030 venale,
883 964 904 1015 si
925 970 1101 1031 argentumst,
1121 979 1200 1016 emas

448 1050 530 1103 Nemo
549 1051 587 1102 ire
606 1067 763 1119 quemquam
784 1050 892 1118 publica
910 1049 1034 1117 prohibet
1049 1050 1100 1102 ria.

450 1134 518 1189 Dum
537 1153 571 1189 ne
589 1153 636 1205 per
654 1137 765 1189 fundum
785 1141 905 1203 saeptum
925 1135 1008 1188 facias
1028 1136 1157 1200 semitam,

451 1223 517 1275 Dum
537 1223 580 1275 ted
600 1224 735 1275 abstineas
754 1227 847 1290 nupta,
869 1221 956 1285 vidua,
975 1223 1086 1290 virgine,

449 1309 588 1362 Iuventute
608 1316 634 1362 et
652 1311 742 1377 pueris
761 1309 860 1374 liberiS,
879 1324 937 1360 ema
956 1308 1104 1376 quidlubet.

348 1395 456 1460 Simili
480 1395 686 1460 modoetiam
710 1395 862 1481 Epicurus
895 1395 1067 1478 sapientem
1097 1395 1229 1460 muliere
1251 1396 1408 1473 abstinere
1429 1397 1515 1461 iube·

348 1496 410 1576 bat,
435 1516 566 1580 quacum
590 1496 703 1559 habere
727 1496 987 1559 consuetudinem
1009 1495 1130 1577 legibus
1153 1505 1234 1559 esset
1255 1496 1399 1561 vetitum.

431 1597 476 1659 of.
507 1597 597 1678 frgm.
621 1596 682 1660 583
711 1594 814 1677 (Dieg.
838 1596 871 1659 L.
895 1596 923 1659 X
949 1593 1039 1675 120):
1077 1599 1204 1674 γυναικί
1228 1618 1263 1656 ιε
1295 1595 1402 1677 (δοκεῖ
1433 1595 1517 1659 Ἐπι-

343 1691 463 1775 aedem)
486 1693 524 1757 ου’
542 1692 744 1778 μιγήσεσθαι
760 1695 819 1755 ede
841 1695 948 1776 σοφόν
970 1684 990 1780 ᾗ
1010 1693 1042 1757 οἱ
1064 1694 1157 1776 νόμοι
1179 1693 1452 1774 ἀπαγορεύουσιν,
1474 1691 1517 1767 ὥς

345 1814 425 1878 φησι
442 1801 591 1876 Διογένης
612 1794 649 1857 e'v
670 1798 711 1877 τῇ
724 1795 878 1876 Ἐπιτομῇ
898 1801 963 1857 τῶι·
978 1795 1167 1875 Ἐπικούρου
1185 1782 1312 1878 ἠθικῶν
1334 1792 1515 1875 δογμάτων.

429 1895 511 1973 Quin
528 1881 639 1959 'etiarn
678 1895 812 1980 sapienti
852 1897 909 1961 hee
949 1896 1142 1982 praecepisse
1182 1895 1401 1980 philosophum
1433 1896 1515 1980 apud

345 1996 493 2060 Plautum
517 1996 589 2059 inde
610 2017 774 2081 possumus
796 2017 986 2079 cognoscere,
1012 1996 1095 2080 qued
1116 1996 1163 2074 „si
1186 1995 1290 2080 sapis“
1310 1995 1446 2058 additur.

428 2097 521 2159 Porro
544 2116 579 2159 ea
601 2117 722 2180 queque
743 2096 884 2160 doctrina
907 2096 1036 2181 Epicuri
1066 2104 1113 2160 est
1137 2095 1310 2180 sapientem
1333 2095 1439 2159 omnia
1462 2116 1517 2159 sua

346 2216 439 2258 causa
460 2197 560 2258 lacere
582 2204 612 2258 et
634 2196 672 2259 ad
695 2217 784 2259 suam
807 2199 920 2260 referre
944 2196 1116 2259 utilitatem
1141 2217 1240 2280 neque
1259 2195 1427 2279 quiequam
1450 2196 1517 2260 eius

347 2295 507 2375 interesse,
531 2302 635 2358 utrum
661 2295 772 2358 ceteris
796 2295 975 2360 hominibus
997 2297 1069 2359 usui
1088 2297 1130 2360 sit
1151 2318 1191 2360 an
1213 2296 1335 2360 damno.

431 2395 476 2459 cf.
499 2395 590 2477 frgm.
613 2395 671 2458 581
706 2393 860 2476 (lactant.
883 2396 982 2460 divin.
1004 2396 1078 2460 inst.
1103 2398 1149 2460 lll
1176 2399 1222 2476 17,
1244 2395 1315 2477 39):
1349 2394 1429 2459 Cum
1451 2394 1517 2458 dis-

344 2501 437 2576 putet
459 2493 648 2578 (Epicurus)
679 2497 785 2558 emmiu
807 2498 980 2580 sapientem
1002 2516 1061 2558 sue
1094 2515 1193 2558 ceusu
1211 2485 1332 2575 fecere,
1363 2494 1407 2558 ud
1430 2493 1516 2558 uult-

345 2601 438 2658 tatem
467 2613 560 2658 suem
592 2594 690 2676 refert
717 2595 841 2669 omniu,
868 2616 947 2680 quae
974 2595 1048 2678 epit.

427 2695 467 2758 Et
495 2696 585 2777 frgm.
610 2695 670 2759 523
700 2695 852 2777 (Laetant.
877 2695 975 2758 divin.
999 2691 1297 2773 insolilitum:
1329 2693 1418 2758 Dicit
1438 2694 1516 2779 Ept-

345 2813 443 2858 curus
455 2844 462 2858 .
473 2845 479 2858 .
491 2844 498 2858 .
511 2795 633 2858 uultum
646 2815 708 2858 esse
719 2795 893 2859 domomum
905 2795 1098 2858 societatem:
1114 2793 1174 2856 sibi
1184 2814 1335 2877 quemque
1346 2794 1516 2858 consulere.

330 2934 333 2941 ·
429 2893 515 2971 Quod
545 2894 694 2979 placitum
727 2896 810 2980 apud
840 2896 987 2958 Plautum
1010 2894 1176 2958 Asinariae
1205 2916 1235 2958 v.
1261 2894 1318 2957 186
1350 2917 1516 2976 agnescen-

348 2994 422 3058 dum
446 2995 587 3073 videtur3
623 3017 695 3058 nam
719 2995 805 3074 lena,
839 3017 916 3078 quae
949 3004 1120 3059 amatorem
1151 2995 1237 3059 ornni
1266 2996 1356 3060 mede
1388 2996 1515 3080 expilat,

345 3094 403 3158 hae
423 3095 620 3158 excusatione
643 3095 762 3159 utitur:

343 3194 414 3246 Vera
434 3194 509 3246 dice:
535 3194 568 3245 ad
588 3210 662 3246 suern
682 3210 811 3262 quemque
831 3195 961 3247 hominem
982 3202 1121 3264 quaestum
1148 3213 1206 3249 esse
1226 3202 1363 3266 aequomst
1382 3195 1515 3248 callidum.

346 3280 466 3345 Deinde
489 3280 614 3344 Mercat.
638 3303 666 3344 v.
690 3284 769 3346 1010
791 3281 995 3364 Lysimachus
1023 3283 1061 3346 ad
1092 3305 1220 3347 uxerem
1250 3284 1364 3347 iratam
1387 3281 1516 3347 introire

345 3380 493 3444 dubitans
513 3389 605 3444 antea
627 3382 727 3445 filium
752 3383 937 3462 interrogat:

450 3480 578 3548 Eutyche,
607 3481 674 3533 hanc
694 3481 753 3534 volo
772 3483 846 3550 prius
866 3498 919 3533 rem
939 3484 991 3548 agi,
1010 3500 1088 3551 quarn
1109 3500 1194 3536 meum
1214 3484 1283 3536 iutro
1303 3481 1388 3535 refero
1408 3481 1511 3549 pedem.

345 3562 427 3619 nut.:
447 3567 515 3629 Quid
526 3567 595 3620 istuc
606 3567 665 3619 est?
685 3565 766 3634 Ispa:
782 3567 861 3620 Suam
873 3570 985 3636 pirisque
996 3571 1073 3622 hemo
1085 3587 1138 3622 reru
1149 3571 1275 3622 meminit.
1293 3569 1422 3637 responde
1434 3567 1512 3620 milri:

450 3652 546 3706 Certen
567 3654 619 3706 seis
637 3670 691 3706 nen
712 3670 866 3706 suscensere
886 3655 949 3706 milri
968 3661 1040 3708 tuam
1062 3656 1192 3709 matrem?

345 3742 504 3805 Postremo
538 3741 721 3804 Truculeuti
755 3764 785 3804 v.
820 3744 880 3807 930
913 3742 1135 3828 Stratophanes
1173 3743 1265 3807 miles
1297 3741 1513 3817 Phronesium,

345 3840 534 3926 quasillum
558 3842 678 3925 spernit
700 3852 730 3905 et
751 3843 849 3906 aliurn
873 3851 966 3922 amat,
990 3843 1147 3928 increpat:

451 3941 511 4006 Qui,
530 3942 637 4007 malum,
656 3942 725 3995 bella
745 3948 792 3994 erit
810 3942 928 4007 faceta’s,
947 3959 1013 4010 quae
1033 3959 1104 3995 ames
1123 3943 1254 3995 hominem
1275 3942 1319 3994 isti
1339 3940 1429 3994 modi?

344 4029 404 4093 Illa
424 4037 528 4092 autern
552 4028 736 4112 respondet:

448 4128 563 4179 Venitne
582 4128 610 4178 iu
629 4133 740 4180 mentem
763 4129 821 4193 tibi,
846 4129 916 4197 quod
937 4131 1044 4182 verbum
1064 4130 1092 4181 in
1112 4145 1191 4182 eavea
1210 4129 1278 4180 dixit
1297 4125 1410 4180 histrio?

449 4213 545 4266 Omnes
565 4214 684 4267 hemines
705 4214 738 4266 ad
758 4231 833 4267 suern
852 4221 990 4283 quaestum
1012 4217 1100 4268 calent
1119 4221 1145 4267 et
1163 4214 1313 4267 fastidiunt.

427 4308 518 4371 Nune
547 4329 620 4372 vere
649 4308 776 4393 Epicuri
807 4309 845 4372 de
874 4309 997 4373 divitiis
1028 4309 1207 4395 opinionem
1237 4329 1399 4393 exponam.
1453 4307 1514 4371 Ve-

345 4408 501 4493 luptatem
530 4429 624 4492 quam
657 4409 770 4473 aeriter
802 4411 895 4473 finem
929 4410 1013 4474 vitae
1045 4409 1207 4488 statuerit,
1240 4430 1334 4493 supra
1365 4407 1514 4488 vidimus,

342 4512 481 4571 attamen
511 4528 582 4572 eum
611 4530 680 4573 eam
709 4509 809 4573 multe
838 4509 937 4593 magis
964 4510 1002 4573 ad
1034 4509 1176 4574 animum
1199 4511 1331 4573 referret
1353 4528 1448 4592 quam
1471 4506 1511 4571 ad
