4075 5717
911 659 1119 723 ,56-

622 835 688 888 Nam
699 852 746 905 pro
757 837 836 890 deum
852 841 931 905 atque
946 837 1081 891 hominum
1094 839 1182 902 fidem,
1200 837 1262 905 quid
1278 837 1318 888 vis
1333 836 1404 888 tibi?

622 922 691 985 Quid
711 923 836 991 quaeris?
862 939 946 976 annos
964 927 1104 992 sexaginta
1122 929 1202 978 natus
1220 941 1258 990 es,

623 1008 678 1060 Aut
696 1008 757 1077 plus
775 1024 814 1074 eo,
832 1013 863 1061 ut
882 1011 998 1075 conicio;
1017 1012 1046 1064 in
1064 1011 1105 1063 his
1125 1011 1278 1078 regionibus

623 1095 756 1148 Meliorem
777 1112 869 1163 agrurn
888 1112 975 1165 neque
994 1099 1063 1165 preti
1084 1098 1191 1151 maioris
1209 1113 1286 1150 nemo
1308 1096 1403 1159 habet;

623 1181 718 1235 Servos
738 1182 895 1250 compluris:
918 1183 1029 1251 proinde
1048 1185 1125 1252 quasi
1143 1200 1220 1237 nemo
1239 1184 1298 1247 siet,

625 1269 665 1320 Ita
684 1272 784 1320 attente
803 1272 859 1320 tute
880 1269 983 1322 illorum
1004 1271 1092 1323 officia
1109 1270 1228 1339 iungere.

624 1353 772 1422 Numquam
793 1357 846 1406 tam
867 1371 943 1408 mane
962 1355 1084 1424 egredior
1103 1373 1188 1425 neque
1208 1360 1260 1409 tam
1281 1358 1385 1426 vesperi

625 1441 737 1493 Domum
756 1445 880 1507 revertor,
900 1444 964 1510 quin
982 1447 1008 1496 te
1027 1445 1055 1496 in
1073 1444 1156 1496 fundo
1176 1445 1314 1512 conspicer

625 1526 725 1580 Fodere
744 1531 790 1579 aut
809 1544 883 1580 arare
902 1533 949 1581 aut
967 1529 1068 1598 aliquid
1087 1531 1163 1583 ferre.
1189 1530 1304 1599 denique

625 1613 732 1666 Nullum
751 1616 864 1668 remittis
882 1623 987 1684 tempus
1006 1633 1092 1685 neque
1110 1622 1137 1670 te
1155 1618 1275 1686 respicis.

626 1699 696 1752 Haeo
714 1717 769 1754 non
786 1702 917 1770 voluptati
934 1703 983 1755 tibi
1003 1719 1061 1756 esse
1080 1705 1146 1756 satis
1165 1708 1236 1757 certo
1255 1705 1319 1757 seio.

627 1786 744 1855 ,Enim,“
765 1788 846 1854 diaes,
868 1794 1012 1858 „quantum
1031 1791 1074 1843 hic
1089 1791 1177 1857 operis
1194 1789 1241 1843 fiat
1259 1792 1402 1859 paenitet“

626 1874 701 1938 Quod
720 1875 748 1927 in
767 1891 847 1944 opere
865 1875 990 1929 faciundo
1009 1893 1105 1945 operae
1124 1877 1258 1930 consumis
1276 1881 1348 1944 tuae,

627 1961 655 2015 Si
674 1977 763 2015 sumas
782 1963 810 2015 in
829 1962 882 2015 illis
901 1963 1065 2028 exercendis,
1084 1964 1145 2032 pius
1164 1981 1236 2033 agas.

432 2067 472 2130 Et
493 2085 565 2130 cum
588 2065 641 2129 hic
662 2065 846 2147 interroget:

627 2163 760 2228 Chremes,
779 2167 917 2216 tantumne
937 2165 969 2217 ab
989 2182 1017 2218 re
1035 2169 1107 2218 tuast
1126 2167 1163 2218 oti
1182 2167 1239 2232 tibi,

627 2250 724 2303 Aliena
741 2255 772 2302 ut
790 2265 866 2302 eures
886 2267 925 2316 ea,
945 2268 1012 2319 quae
1032 2252 1069 2304 nii
1090 2254 1123 2305 ad
1142 2258 1168 2304 te
1188 2254 1325 2306 attinent?

628 2342 711 2395 Homo
725 2358 791 2409 sum,
810 2336 922 2421 pergit,
942 2344 1051 2397 humani
1064 2346 1100 2397 nii
1119 2363 1135 2398 a
1149 2362 1189 2397 me
1203 2346 1318 2398 alienum
1332 2351 1406 2415 puto.

629 2435 677 2486 Vel
697 2451 737 2487 me
756 2451 862 2489 monere
881 2435 929 2488 hoc
948 2436 988 2489 vel
1008 2439 1158 2505 percontari
1178 2443 1255 2507 puta:

629 2523 738 2574 Rectum
750 2526 798 2588 est,
812 2538 860 2591 ego
874 2528 904 2575 ut
913 2523 1024 2586 iaciam;
1038 2541 1091 2577 non
1106 2530 1153 2591 est,
1167 2529 1193 2577 te
1207 2531 1237 2578 ut
1251 2525 1405 2578 deterream.

432 2629 572 2693 Proiecto
602 2625 761 2691 hominem
788 2647 861 2690 vere
881 2626 1124 2712 Peripateticum
1151 2627 1202 2692 hic
1226 2629 1373 2694 Chremes
1395 2652 1428 2694 se
1455 2642 1605 2719 praestat,

434 2727 546 2812 quiea
572 2733 695 2789 tantum
725 2725 763 2788 de
793 2747 884 2789 causa
913 2727 1133 2791 Menedemum
1165 2729 1304 2813 increpat
1334 2739 1432 2815 atque
1450 2734 1605 2816 obiurgat,

434 2827 507 2912 quia
528 2826 664 2890 amioum
686 2825 753 2888 eius
772 2847 804 2889 se
827 2847 893 2891 esse
912 2826 1083 2904 existimat,
1106 2827 1256 2912 cuiusque
1271 2830 1443 2896 admonitio
1464 2833 1603 2913 „libera“

434 2926 561 3010 quidem
582 2925 635 3008 (cs.
660 2925 843 3005 „audacter“
869 2949 897 2989 v.
921 2924 955 3006 6)
985 2928 1038 2990 sed
1061 2927 1129 2990 sine
1161 2929 1247 2992 omni
1277 2931 1486 3009 „acerbitate“
1509 2941 1605 3019 atque

436 3023 651 3106 „morositate“
675 3033 722 3089 est
743 3024 796 3107 (af.
818 3024 1056 3106 „familiariter“
1081 3050 1109 3090 v.
1128 3025 1171 3107 6).

518 3141 671 3206 Amicitia
686 3148 721 3206 ut
739 3142 862 3206 stabilis
879 3151 970 3221 esset,
988 3164 1065 3228 opus
1081 3165 1147 3207 esse
1157 3144 1218 3207 tide
1234 3144 1381 3208 dixerunt
1392 3146 1604 3232 Peripatetici.

518 3239 770 3305 Firmamentum
803 3247 907 3307 autem
948 3243 1129 3306 stabilitatis
1159 3245 1410 3330 constantiaeque
1454 3255 1497 3310 est
1527 3250 1605 3328 cius,

435 3360 530 3422 quam
551 3342 586 3404 in
608 3342 748 3405 amicitia
770 3344 962 3426 quaerimus,
983 3342 1079 3424 fidem
1101 3342 1184 3405 nibil
1207 3349 1251 3405 cst
1273 3345 1355 3407 enim
1378 3346 1498 3425 stabile,
1521 3348 1605 3432 quod

435 3439 571 3520 infidum
602 3447 647 3505 cst
683 3441 761 3506 dicit
794 3443 899 3507 Cicero
930 3443 1012 3507 Lael.
1043 3444 1083 3506 65
1124 3451 1155 3506 et
1188 3443 1252 3507 iam
1287 3445 1370 3530 apud
1400 3446 1607 3512 Aristotelem

437 3540 571 3624 legimus
594 3542 664 3606 Eth.
689 3542 756 3606 Nio.
780 3543 856 3606 VIII
878 3544 907 3620 4,
924 3543 960 3607 3:
993 3542 1047 3603 aui
1069 3542 1106 3605 ad
1137 3541 1305 3605 nicasium
1333 3543 1368 3605 ἐι·
1398 3544 1524 3618 τούτοις
1550 3547 1606 3609 καὶ

436 3640 476 3702 ad
498 3640 658 3723 μηδέποτ’
677 3637 721 3703 ἄν
735 3640 900 3726 ἀδικῆσαι,
922 3642 975 3704 καὶ
998 3638 1066 3706 ὅσα
1081 3637 1166 3704 ἄλλα
1189 3643 1224 3704 e'r
1245 3665 1284 3726 τῃ
1300 3643 1342 3716 οἷς
1357 3642 1491 3727 ἀληθῶς
1514 3645 1608 3731 φιλίᾳ

436 3738 593 3816 ἀξιοῦται.
638 3743 776 3818 Quocum
799 3743 953 3807 consentit
975 3743 1134 3807 Eudemus
1155 3743 1226 3807 Eth.
1248 3744 1326 3808 Eud.
1350 3745 1409 3808 VII
1424 3748 1452 3824 2,
1469 3749 1524 3812 40:
1548 3747 1607 3811 οοίι

437 3841 507 3904 ἔστι
538 3839 568 3903 d’
599 3837 680 3904 ἄνευ
712 3845 855 3915 πίστεως
881 3841 973 3925 φιλία
1005 3846 1150 3924 βέβαιος,
1182 3842 1202 3926 ἠ
1232 3843 1270 3905 δὲ
1300 3849 1411 3918 πίστις
1440 3845 1497 3908 οὐκ
1524 3842 1607 3910 ἄνευ

436 3962 566 4022 χρονου.

520 4060 604 4136 Quae
626 4058 703 4123 fides
731 4059 813 4144 apud
844 4067 950 4145 poetas
972 4061 1104 4126 comicos
1134 4061 1367 4145 requirentibus
1395 4062 1476 4127 haud
1499 4065 1606 4148 paucis

437 4159 527 4224 nabis
548 4159 714 4244 praebetur
736 4159 821 4224 loeis.

519 4277 587 4341 Iam
609 4277 642 4342 in
666 4277 759 4343 initio
781 4277 970 4357 Trinummi,
996 4281 1076 4362 quod
1102 4300 1195 4363 supra
1216 4278 1448 4362 exscripsimus
1470 4279 1606 4362 Megaro-

440 4376 556 4458 nidem,
581 4386 616 4442 ut
637 4378 775 4443 amioum
797 4378 937 4461 castiget,
960 4379 1020 4442 fide
1039 4379 1227 4443 commoveri
1248 4378 1403 4442 vidimus:

706 4485 735 4538 ni
753 4483 780 4537 id
800 4500 840 4537 me
859 4485 953 4537 invitet
971 4490 1001 4537 ut
1019 4485 1114 4537 faciam
1134 4485 1208 4539 fides.
