4075 5717
953 678 1214 768 fra--

580 855 701 921 Deinde
732 862 767 920 ut
794 857 878 941 apud
906 855 1080 922 Lucienum
1102 857 1284 943 Aristippus
1312 856 1477 922 obsonator
1505 855 1669 951 >peritissi-

498 976 569 1020 mus
586 955 775 1035 nominatur,
798 956 842 1020 ita
854 956 1128 1042 Periplecomenus
1151 979 1273 1043 quoque
1293 978 1326 1021 se
1342 978 1409 1022 esse
1430 957 1669 1038 „obsonatorem

498 1057 682 1140 optumum“
704 1055 808 1121 iactat.
1370 1081 1373 1090 ³

580 1157 627 1221 cf.
649 1178 678 1221 v.
703 1158 781 1221 667:

533 1256 582 1310 Vel
607 1257 761 1326 primarium
792 1259 938 1337 parasitum
957 1263 1044 1327 'atque
1069 1261 1254 1314 obsonatorem
1282 1262 1419 1328 optumum
1449 1259 1524 1328 (hino
1549 1259 1669 1313 indidem

1220 1363 1371 1416 expromam
1390 1346 1459 1415 tibi).

582 1432 672 1495 Nunc
702 1452 775 1496 vero
805 1431 1022 1497 testimonium
1052 1432 1132 1497 mihi
1161 1433 1354 1498 afferendum
1383 1441 1448 1514 est,
1477 1436 1537 1518 quo
1565 1433 1670 1498 omnis

499 1531 670 1610 dubitatio,
700 1531 776 1616 quin
798 1531 998 1617 Aristippum
1031 1532 1176 1597 habuerit
1207 1534 1387 1618 exemplum
1418 1542 1525 1619 poeta,
1556 1533 1670 1618 siqua

499 1640 651 1718 superest,
680 1652 750 1697 mea
769 1632 896 1715 quidem
918 1632 1074 1696 sententia
1091 1633 1224 1697 tollitur.
1276 1634 1371 1719 Apud
1388 1626 1560 1717 Diogenem
1583 1633 1670 1699 enim

500 1732 672 1796 1175-77
696 1731 775 1796 duae
803 1733 1055 1797 narratiunculae
1077 1733 1211 1819 scriptae
1233 1735 1389 1818 leguntur,
1416 1756 1432 1799 e
1458 1734 1573 1819 quibus
1594 1757 1669 1820 quo·

500 1834 590 1899 modo
601 1834 784 1919 Aristippus
800 1834 1059 1899 obtrectatoribus
1075 1833 1192 1898 inicere
1205 1835 1315 1899 solitus
1326 1835 1368 1899 sit
1380 1836 1539 1921 pudorem,
1557 1837 1669 1902 elucet.

582 1934 790 2020 Inspiciamus
812 1933 961 2019 'primum
992 1934 1021 1998 ΙΙ
1052 1935 1108 1999 75:
1145 1935 1227 2012 πρός
1253 1931 1313 1997 τόν
1341 1935 1553 2000 ὀνειδίσαντα
1581 1935 1672 2017 αὐτῷ

500 2035 662 2117 πολυτελῆ
689 2033 841 2121 ὀψωνίαν
864 2036 937 2116 ἔφη·
966 2033 1008 2098 σι)
1038 2035 1068 2098 δ’
1089 2034 1147 2099 οὐκ
1167 2032 1212 2097 ἄν
1232 2033 1409 2116 τριωβόλου
1436 2035 1530 2098 ταῦτ’
1548 2037 1672 2118 ε’πρίω,·

500 2132 759 2219 ὁμολογήσαντος
780 2134 831 2197 δέ·
854 2135 959 2197 οὐκέτι
981 2140 1107 2215 τοίνυν,
1130 2137 1203 2217 ἔφη,
1226 2134 1399 2219 φιλήδονος
1419 2135 1498 2218 ἐγώ,
1520 2138 1606 2202 α’λλολ
1627 2140 1671 2204 oo*

502 2235 702 2318 φιλάργυρος,
731 2235 844 2300 deinde
866 2237 897 2300 Il
926 2237 1066 2301 76-77:
1108 2236 1291 2312 Πολυξένου
1324 2242 1406 2300 ποτὲ
1426 2241 1485 2302 τοῦ
1508 2243 1674 2326 σοφιστοιί

501 2334 711 2409 εἰσελθόντος
731 2336 814 2416 πρὸς
834 2333 937 2398 αὐτόν
958 2336 1010 2397 καὶ
1033 2340 1247 2416 θεασαμένου
1265 2337 1420 2419 γυναῖκάς
1440 2361 1476 2400 τε
1495 2340 1551 2403 καὶ
1572 2340 1671 2405 πολυ-

500 2436 576 2520 τελῆ
599 2440 760 2521 οφωνίαν,
790 2437 906 2497 ἔπειτα
927 2433 1164 2514 αἰτιασαμένου
1185 2439 1300 2518 μικρὸν
1321 2437 1497 2501 διαλιπών·
1520 2438 1664 2505 δύνασαι

501 2537 573 2619 ἔφη,
593 2537 646 2599 καὶ
665 2537 705 2599 σι)
729 2535 871 2622 σήμερον
887 2537 967 2616 μεθ’
989 2534 1080 2618 ήμῶν
1094 2540 1274 2616 pros-‘ceam
1295 2541 1354 2600 τοῦ
1375 2539 1404 2601 δ’
1424 2539 1669 2614 ἐπινεύσαντος·

500 2642 535 2698 τί
555 2624 628 2715 οὖν,
661 2622 733 2717 ἔφη,Ι
754 2627 930 2718 ’ἐμέμφου,·
962 2637 1066 2709 ἔοικας
1093 2637 1155 2716 γαρ
1185 2635 1224 2699 ου’
1248 2637 1309 2721 τήν
1340 2636 1493 2726 ὀψωνίαν
1523 2638 1610 2707 α’λλοί
1631 2641 1672 2705 sd

500 2735 660 2817 α’νοίλωμα
679 2736 863 2800 αἰτιᾶσθαι.

582 2838 710 2902 Prorsus
738 2837 879 2901 eiusdem
902 2836 1076 2901 sententiae
1099 2837 1227 2915 labella,
1260 2859 1339 2923 quae
1368 2838 1486 2924 optime
1516 2860 1588 2904 cum
1611 2839 1671 2922 his,

501 2936 659 3022 imprimis
692 2958 764 3000 cum
786 2937 901 3014 altera,
934 2936 1105 3018 consentit,
1140 2937 1203 3001 nisi
1233 2937 1314 3021 quod
1344 2938 1480 3004 delatata
1502 2945 1549 3002 est
1576 2947 1671 3024 atque

500 3035 699 3120 amplificata,
723 3035 804 3120 apud
820 3035 968 3099 Plautum
990 3036 1141 3100 occurrit:
1164 3037 1466 3122 Periplecomenum,
1490 3037 1544 3122 qui
1566 3040 1670 3104 atra

501 3134 584 3200 dixit
605 3156 638 3199 se
660 3135 742 3200 velle
765 3135 931 3200 obsonare:

709 3235 786 3288 Nunc
802 3234 873 3304 quod
891 3235 981 3305 occepi
1001 3235 1131 3287 obsonare
1151 3249 1267 3302 pergam,

499 3321 671 3388 Pleusicles
692 3331 774 3388 orat:

1214 3405 1242 3458 Si
1261 3411 1388 3460 certumst
1405 3408 1464 3475 tibi,

588 3492 787 3547 commodulum
808 3492 917 3558 obsone,
935 3508 969 3544 ne
987 3508 1084 3560 magno
1104 3495 1229 3559 sumptu:
1248 3492 1312 3544 mihi
1332 3493 1437 3562 quidvis
1456 3499 1498 3548 sat
1517 3499 1566 3563 ests

500 3580 581 3646 Eum
603 3601 697 3644 senex
716 3579 874 3665 increpat:

571 3679 641 3743 Quin
661 3684 691 3732 tu
710 3680 796 3732 istanc
815 3679 959 3731 orationem
980 3679 1042 3732 hinc
1060 3682 1173 3731 veterem
1193 3682 1273 3747 atque
1293 3681 1428 3750 antiquam
1448 3679 1574 3735 amoves?

570 3766 716 3820 Proletario
735 3781 854 3819 sermone
873 3782 945 3818 nuno
963 3766 1079 3834 quidem,
1098 3766 1204 3834 hospes,
1222 3771 1306 3821 utere.

570 3854 637 3908 Nam
655 3855 664 3906 i
683 3853 778 3918 solent,
797 3852 902 3921 quando
922 3854 1077 3918 accubuere,
1097 3854 1143 3906 ubi
1163 3863 1228 3906 cena
1247 3855 1404 3926 adpositast,
1423 3856 1525 3909 dicere:

573 3940 657 4006 ,Quid
677 3956 745 4008 opus
765 3939 816 3991 fuit
835 3938 884 3990 hoc
904 3943 1012 4007 sumptu
1032 3944 1106 3993 tanto
1124 3944 1217 3994 nostra
1235 3942 1341 4010 gratia?

571 4026 725 4080 lusanivisti
744 4025 847 4078 hercle:
873 4041 933 4078 nam
953 4025 1022 4079 idem
1041 4026 1091 4079 hoo
1110 4027 1262 4080 hominibus
1281 4033 1323 4082 sat
1341 4037 1399 4082 erat
1416 4029 1531 4083 decem.“

571 4113 646 4178 Quod
665 4129 754 4167 eorum
773 4129 854 4180 causa
872 4114 1066 4182 obsonatumst,
1084 4113 1195 4183 culpant
1213 4120 1239 4168 et
1257 4116 1399 4168 comedunt
1417 4119 1514 4168 tamen.

572 4269 623 4324 Sed
641 4269 725 4324 eidem
745 4270 864 4323 homines
882 4268 1026 4338 numquam
1046 4270 1147 4337 dicunt,
1166 4287 1326 4340 quamquam
1340 4271 1518 4340 adpositumst
1533 4270 1670 4341 ampliter:

572 4355 653 4422 „lube
673 4355 740 4408 illud
760 4354 843 4408 demi:
868 4355 931 4408 tolle
950 4356 1019 4410 hanc
1038 4357 1172 4425 patinam:
1197 4374 1302 4411 remove
1320 4374 1439 4427 pernam,
1457 4358 1495 4410 nil
1515 4373 1617 4411 moror:

571 4443 654 4496 Auler
672 4442 744 4495 illam
763 4442 840 4495 offam
860 4442 1009 4512 porcinam:
1035 4443 1134 4510 probus
1153 4444 1196 4496 hic
1215 4460 1313 4512 conger
1331 4443 1474 4512 frigidust:

571 4530 694 4596 Remove,
714 4530 757 4582 abi
776 4529 880 4581 auler:“
907 4529 1039 4581 neminem
1059 4545 1148 4581 eorum
1165 4529 1232 4583 haec
1250 4529 1404 4583 adseverare
1426 4529 1530 4598 audias,

571 4614 624 4668 Sed
642 4615 792 4684 procellunt
809 4631 838 4668 se
856 4618 883 4668 et
901 4616 1079 4683 procumbunt
1097 4615 1238 4682 dimidiati,
1256 4614 1319 4668 dum
1337 4619 1476 4686 appetunt.
