4075 5717
918 659 1120 720 ..14-

432 857 488 900 sua
510 837 651 902 doctrina
680 836 790 900 mortis
821 843 937 900 metum
969 857 1058 922 posse
1089 836 1240 901 semoveri
1274 846 1305 900 et
1334 837 1476 901 intanta
1506 836 1610 920 gloria

429 944 495 1000 erat
517 937 573 1001 hoc
595 937 712 1001 dictum
738 935 757 998 δ
780 936 927 1010 θάνατος
948 935 1046 1000 οὐδὲν
1068 936 1152 1016 πρδς
1172 935 1267 1017 ἡμᾶς,
1289 947 1325 1000 ut
1346 938 1548 1023 adiscipnlis
1574 938 1609 1002 in

431 1059 559 1102 numero
581 1041 699 1118 κυρίων
719 1035 827 1112 δοξῶν
849 1038 1048 1123 reciperetur.
1092 1037 1212 1114 Quibus
1243 1038 1406 1102 decausis
1441 1060 1502 1103 non
1528 1038 1608 1103 licet

431 1137 577 1213 dubitari,
590 1137 667 1222 qui-n
678 1137 743 1202 illis
753 1137 945 1223 temporibus
959 1138 1015 1202 hoc
1032 1146 1230 1223 praeceptum
1240 1138 1272 1201 in
1285 1138 1427 1202 omnium
1436 1161 1487 1204 ore
1499 1141 1608 1205 fuerit.

513 1255 549 1318 Iu
572 1263 680 1336 morte,
702 1263 737 1319 ut
757 1257 847 1319 modo
868 1255 1016 1332 vidimus,
1040 1277 1111 1318 cum
1132 1255 1237 1318 omnia
1255 1255 1419 1334 intereant,
1444 1277 1500 1320 nec
1517 1256 1609 1340 quic-

432 1375 526 1438 quam
549 1354 685 1419 hominis
707 1364 881 1433 remaneat,
917 1355 997 1418 nihil
1023 1355 1119 1437 igitur
1141 1355 1199 1434 sit,
1233 1356 1315 1439 qnod
1337 1367 1406 1441 post
1429 1356 1529 1419 vitam
1554 1378 1611 1421 nos

431 1453 597 1538 adepturos
630 1475 696 1518 esse
730 1454 779 1518 dis
812 1455 991 1519 laventibus
1024 1476 1148 1539 sperare
1181 1456 1352 1539 possimus,
1396 1456 1475 1519 hanc
1505 1456 1611 1520 vitam

434 1553 555 1617 beatam
579 1554 689 1636 degere
708 1554 794 1618 omni
817 1555 907 1618 modo
929 1555 1121 1618 studendum
1146 1563 1201 1618 est.
1246 1556 1332 1631 Quod
1356 1564 1389 1620 ut
1409 1556 1507 1640 possit
1529 1556 1612 1632 fieri,

433 1652 601 1738 imprimis,
626 1676 664 1717 ne
681 1654 777 1718 nimis
801 1654 945 1736 „longam
964 1676 1050 1740 spem
1078 1654 1279 1718 incohemus“
1302 1656 1473 1720 cavendum
1492 1665 1551 1737 est,
1571 1673 1628 1735 ne

435 1760 559 1838 propter
589 1775 641 1834 ea,
676 1775 755 1838 quae
785 1753 938 1838 petimus,
973 1754 1070 1818 vitam
1103 1754 1203 1840 ipsam
1234 1755 1400 1840 perdamus
1421 1778 1499 1819 neve
1523 1779 1612 1822 mors

434 1853 693 1938 necopinantibus
725 1854 813 1918 nobis
837 1855 974 1939 obrepat.
1020 1855 1209 1938 Temporum
1232 1856 1318 1919 enim
1346 1858 1523 1920 futurorum
1548 1880 1616 1922 nou

435 1973 543 2016 sumus
562 1953 692 2035 domini,
716 1954 892 2039 praesentia
907 1962 1030 2018 tantum
1050 1963 1153 2018 nostra
1171 1963 1261 2018 sunt:
1283 1977 1354 2037 ergo
1371 1955 1427 2020 illa
1445 1957 1618 2022 mittamus

436 2059 468 2114 et
490 2073 528 2115 ne
552 2053 725 2142 crastinum
746 2055 874 2138 quidem
891 2055 975 2118 diem
993 2076 1147 2133 curemus,
1171 2055 1221 2118 his
1243 2057 1393 2119 fruamur.
1437 2056 1481 2120 Ex
1499 2059 1618 2123 multis

435 2151 530 2216 huius
553 2153 711 2218 doctrinae
734 2155 924 2219 testimoniis
948 2154 1025 2219 haec
1048 2162 1172 2218 tantum
1195 2154 1329 2238 eligam:

519 2253 639 2317 Lueret.
663 2255 709 2318 Ill
732 2256 809 2318 954:

577 2353 660 2406 Aufer
678 2354 775 2406 abhinc
794 2354 925 2419 lacrimas,
947 2354 1058 2418 balatro,
1080 2359 1106 2406 et
1125 2370 1262 2423 compesce
1282 2356 1421 2424 querellas.

576 2439 670 2491 Omnia
690 2441 845 2507 perfunctus
865 2441 928 2492 vitai
949 2442 1065 2509 proemia
1086 2457 1200 2493 marces:
1238 2430 1245 2444 ‘

575 2525 627 2578 Sed
647 2527 709 2594 quia
728 2543 831 2595 semper
851 2544 912 2579 aves
932 2527 1002 2596 quod
1023 2530 1108 2591 abest,
1126 2528 1282 2596 praesentia
1301 2529 1406 2592 temnis,

575 2612 724 2680 Inperfecta
742 2614 791 2665 tibi
812 2613 930 2681 elapsast
947 2615 1105 2684 ingrataque
1124 2617 1187 2678 uita,

575 2700 608 2752 Et
627 2701 798 2770 necopinanti
818 2717 887 2754 mors
906 2701 939 2753 ad
960 2707 1041 2771 caput
1060 2703 1164 2755 adstitit
1182 2706 1244 2754 ante

577 2786 660 2849 Quam
680 2793 755 2841 satur
773 2804 804 2840 ac
823 2788 918 2856 plenus
938 2789 1026 2856 possis
1046 2788 1183 2842 discedere
1201 2805 1298 2840 rerum.

576 2875 653 2927 Nunc
673 2875 760 2928 aliena
777 2880 824 2928 tua
842 2880 933 2927 tamen
951 2881 1038 2928 aetate
1058 2877 1146 2928 omnia
1165 2876 1240 2927 mitte
1376 2936 1378 2941 ,

579 2961 671 3030 Aequo
691 2963 839 3030 animoque,
860 2962 981 3029 agedum,
1002 2963 1091 3030 gnatis
1110 2961 1240 3014 concede:
1259 2964 1402 3013 necessest.

522 3049 624 3131 Frgm.
637 3050 698 3114 204
710 3048 877 3134 (Epicurus
891 3071 940 3134 ap.
956 3048 1040 3114 Stob.
1052 3050 1116 3113 flor.
1129 3048 1206 3112 XVI
1218 3047 1272 3128 28)
1285 3072 1293 3111 ε
1314 3045 1491 3127 γεγόναμεν
1507 3043 1618 3126 ἅπαξ,

440 3147 489 3220 δὶς
511 3146 549 3209 δὲ
570 3144 629 3210 οὐκ
651 3149 721 3211 ἔστι
741 3154 907 3228 γενέσθαι·
952 3148 1007 3211 δεῖ
1026 3147 1064 3210 δὲ
1084 3148 1144 3209 adv
1163 3145 1267 3210 αἰῶνα
1286 3146 1397 3228 μηκέτ’
1420 3136 1514 3208 εἶναι.
1574 3147 1617 3212 ori

441 3248 479 3310 δὲ
509 3250 565 3332 τῆς
597 3243 711 3330 αὔριον
742 3248 799 3312 οὐκ
835 3244 881 3310 uir
912 3245 1017 3329 κύριος
1055 3245 1227 3330 ἀναβάλλῃ
1256 3247 1315 3308 edu
1347 3242 1469 3326 καιρόν.
1523 3245 1543 3310 ὁ
1579 3249 1619 3311 δὲ

440 3345 583 3412 πάντων
610 3353 680 3430 βίος
707 3348 884 3431 μελλησμρῑ
912 3345 1168 3429 παραπόλλυται
1196 3346 1249 3408 καὶ
1273 3346 1329 3408 διδ
1357 3349 1455 3410 τοῦτο
1477 3347 1619 3423 ἕκαστος

438 3448 531 3533 ήμῶν
552 3445 794 3529 ἀσχολούμενος
814 3446 1035 3532 ἀποθνῄσκει.

524 3565 640 3630 Mirum
665 3573 755 3644 esset,
778 3566 839 3630 nisi
862 3567 924 3630 tale
943 3566 1017 3650 quid
1035 3565 1117 3651 apud
1134 3563 1267 3628 comicos
1284 3571 1388 3648 poetas
1407 3564 1618 3630 inveniretur.

441 3666 500 3730 Sed
523 3666 589 3730 iam
609 3666 804 3731 Philetaerus
819 3667 978 3731 hominem
998 3666 1076 3730 dicit
1098 3665 1177 3729 nihil
1194 3665 1368 3750 sapientius
1391 3667 1490 3727 lacere
1513 3685 1619 3749 posse,

444 3789 538 3852 quam
562 3766 628 3830 vita
651 3767 764 3830 cotidie
786 3767 971 3831 suavissime
993 3766 1064 3830 frui.

529 3867 574 3930 cf.
599 3869 689 3950 irgm.
712 3868 730 3929 7
754 3865 854 3948 (Koclr
880 3868 909 3930 ll
933 3888 999 3951 pag.
1024 3865 1117 3947 232):

652 3967 678 4017 τί
696 3964 742 4018 δεῖ
756 3959 812 4037 γὰρ
833 3962 899 4018 ὄντα
919 3967 1034 4036 θνητόν,
1054 3965 1177 4028 ἱκετεύω,
1196 3970 1299 4026 ποιεῖν,

653 4045 725 4122 πλὴν
744 4045 828 4122 ἡδέως
846 4050 894 4122 ζῆν
914 4047 962 4104 τὸν
976 4054 1039 4120 βίον
1057 4046 1125 4103 καθ’
1144 4045 1261 4123 ἡμέραν,
1332 4051 1334 4059 ’

651 4132 700 4191 ἐὰν
721 4137 770 4213 ἔχῃ
789 4156 831 4198 τις
850 4132 956 4191 ὁπόθεν
963 4158 969 4202 ;
990 4134 1058 4192 ἀλλὰ
1077 4138 1121 4190 δεῖ
1139 4142 1254 4189 σκοπεῖν

653 4223 724 4286 τοῦτ’Ι
744 4220 820 4290 αὐτὸ,
847 4219 1017 4296 τδνδρώπεί
1035 4219 1142 4298 δρῶντα
1160 4225 1320 4295 πράγματα,

653 4309 693 4371 εἰς
715 4308 815 4385 αὔριον
834 4310 864 4364 δὲ
881 4310 952 4383 μηδὲ
970 4313 1130 4385 φροντίζειν
1148 4304 1162 4361 ὅ
1184 4327 1211 4362 τι

653 4397 739 4451 ἔσται·
774 4400 928 4472 περίεργόν
946 4395 1024 4451 ἐστιν
1042 4392 1212 4448 εἷπονεῖσδαι
1231 4395 1305 4448 πάνυ

655 4483 739 4540 ἕωλον
758 4485 839 4540 ἔνδον
858 4483 1002 4559 ἀργύριον.
