4075 5717
924 723 1132 787 „29-

435 909 540 966 autem
563 923 627 968 esse
648 902 800 968 domorum
822 905 1012 987 uoluptatem
1031 922 1068 966 ea
1089 902 1145 967 lroe
1164 901 1318 980 facillime
1334 903 1478 986 perspici
1495 909 1605 984 potest.

432 1003 660 1066 constituamus
682 1003 820 1084 aliquem
842 1002 968 1087 maquis
986 1003 1094 1066 mullis
1111 1003 1272 1082 perpetuis
1281 1001 1439 1083 frueutem
1459 1009 1487 1066 et
1499 1004 1606 1067 auiruo

435 1109 463 1165 ct
484 1123 613 1182 corpore
630 1101 857 1188 voluptatibus,
888 1101 977 1166 uullo
999 1101 1106 1167 dolore
1133 1122 1188 1165 uec
1210 1102 1386 1186 iupedimle
1414 1123 1471 1166 uec
1494 1103 1605 1188 inpen-

435 1202 541 1277 dente,
573 1223 662 1288 quem
692 1203 819 1267 taudem
850 1202 906 1266 hoc
935 1208 1019 1266 stam
1045 1201 1320 1286 praestabiliorem
1349 1209 1406 1266 aret
1433 1204 1535 1285 moqis
1555 1222 1607 1267 ea-

433 1302 600 1382 petmdum
615 1303 774 1386 passimus
790 1303 917 1366 dicere?
933 1304 1035 1366 inesse
1056 1303 1140 1365 euim
1158 1322 1279 1364 uacasse
1300 1308 1345 1365 est
1363 1302 1398 1366 iu
1419 1323 1462 1380 eo,
1484 1303 1540 1384 qui
1561 1303 1609 1367 ita

437 1403 477 1464 sit
499 1401 637 1484 affectus,
657 1410 686 1467 et
699 1402 883 1484 firmitatem
902 1404 1005 1466 animi
1019 1423 1075 1466 uec
1090 1409 1219 1467 mortem
1234 1423 1290 1466 uec
1304 1401 1441 1466 dolorem
1459 1405 1608 1483 timeatis,

438 1502 521 1586 quoa
537 1522 623 1566 mors
637 1523 731 1566 smsu
748 1510 862 1585 careat,
885 1503 975 1565 dolor
997 1504 1030 1565 iu
1047 1504 1274 1588 lonqinqultale
1293 1501 1378 1579 locis,
1400 1504 1436 1566 iu
1453 1504 1611 1583 pravitate

438 1602 539 1665 breuis
560 1601 753 1682 somniasse,
776 1609 811 1667 ut
834 1604 900 1666 eius
921 1603 1173 1682 mopuitudiuem
1194 1602 1346 1684 celeritas,
1367 1603 1609 1668 diuturnitatem

438 1702 582 1768 allevatio
605 1705 786 1769 consoletur.

522 1802 605 1866 Satis
623 1815 730 1868 notum
750 1812 798 1868 est
815 1803 934 1867 dictum
951 1801 1041 1882 illud,
1061 1822 1121 1886 quo
1138 1809 1224 1865 tauta
1240 1801 1339 1865 animi
1358 1802 1491 1867 firmitas
1507 1812 1608 1868 osten-

439 1902 535 1980 ditur,
564 1910 599 1967 ut
622 1925 661 1968 ne
686 1927 704 1968 a
728 1903 841 1968 Stoicis
865 1900 992 1988 quidem
1017 1901 1114 1986 possit
1136 1901 1292 1985 superari:
1314 1901 1488 1988 sapientem
1514 1903 1610 1968 etiam

438 2000 471 2066 in
484 2002 661 2068 Phalaridis
683 2010 772 2069 tauro
794 2010 955 2090 perustum
977 2001 1224 2066 exclamaturum
1245 2022 1312 2066 esse
1328 2001 1418 2066 dulce
1437 2023 1503 2066 esse
1522 2012 1553 2066 et
1570 2003 1608 2068 ad

441 2122 474 2166 se
496 2103 578 2166 nihil
608 2104 764 2189 pertinere
777 2102 811 2184 ¹).
854 2102 970 2167 Eadem
1000 2103 1065 2166 fere
1094 2109 1124 2163 et
1146 2101 1201 2165 vix
1223 2101 1343 2166 minore
1372 2103 1502 2167 audacia
1527 2103 1609 2167 servi

438 2210 580 2267 utuntur.
1018 2197 1019 2201 ¹

523 2303 588 2367 lam
617 2324 690 2368 vero
718 2310 888 2387 sequantur
920 2299 1101 2364 Mercatoris
1128 2320 1237 2364 versus
1265 2299 1338 2364 iude
1368 2301 1407 2364 ab
1433 2302 1491 2365 144
1513 2321 1611 2386 usque

439 2403 479 2467 ad
502 2405 569 2468 148.
620 2402 788 2466 Acantioni
818 2401 918 2465 multo
947 2399 1102 2464 currendo
1126 2400 1202 2463 adeo
1231 2399 1376 2482 fatigato,
1407 2408 1444 2463 ut
1472 2402 1613 2487 „ruperit

440 2502 578 2581 remites
600 2502 664 2567 iam
686 2502 804 2567 dudum
827 2509 931 2586 sputet
954 2497 1172 2581 sanguinem‚“
1195 2499 1349 2563 Charinus
1372 2498 1611 2584 dominuslcon·

441 2602 550 2666 sisium
570 2603 632 2680 dat,
664 2610 699 2665 ut
719 2601 876 2683 „resinam
899 2621 937 2664 ex
959 2599 1054 2664 melle
1078 2598 1265 2683 Aegyptiam
1289 2598 1414 2678 voret;“
1444 2601 1499 2664 sed
1520 2621 1608 2666 servo

440 2702 498 2767 hoc
520 2702 652 2767 minime
680 2701 782 2787 placet
811 2722 912 2785 neque
942 2700 1076 2763 salutem
1098 2697 1159 2761 sibi
1181 2706 1282 2782 optat,
1315 2718 1394 2782 quae
1423 2720 1495 2764 cum
1524 2701 1607 2766 dolo·

440 2802 527 2865 ribus
550 2801 715 2867 coniuncta
738 2801 798 2865 sit:

489 2899 543 2953 oh:
580 2901 628 2954 Sin
646 2901 727 2954 saluti
746 2901 816 2969 quod
834 2902 884 2954 tibi
903 2916 961 2953 esse
981 2915 1074 2953 censes
1092 2899 1119 2950 id
1139 2897 1310 2951 consuadeol

490 2985 543 3039 do:
580 2989 673 3056 Apage
692 2987 842 3041 istiusmodi
863 2987 975 3040 salutem
994 3003 1054 3039 cum
1076 2986 1195 3039 cruciatu
1214 3001 1282 3054 quae
1300 2985 1416 3038 advenit.

490 3072 543 3126 ch:
578 3073 627 3127 Dic
646 3074 719 3140 mihi,
739 3090 774 3126 an
792 3074 855 3126 boni
874 3073 937 3142 quid
956 3081 1104 3142 usquamst,
1123 3071 1193 3141 quod
1213 3072 1352 3140 quisquam
1371 3072 1411 3124 uti
1432 3073 1532 3139 possiet

580 3160 644 3213 Sine
661 3160 730 3213 malo
750 3161 821 3213 omui
840 3164 887 3212 aut
905 3175 938 3211 ne
957 3159 1073 3212 laborem
1093 3159 1193 3226 capias,
1213 3173 1290 3226 quom
1304 3147 1355 3211 'illo
1374 3159 1414 3211 uti
1432 3157 1523 3212 voles?

493 3243 547 3298 Aa:
584 3246 679 3300 Nescio
698 3262 746 3314 ego
765 3247 862 3299 istaec:
882 3245 1064 3314 philosophari
1082 3260 1226 3312 numquam
1245 3244 1327 3297 didici
1345 3240 1431 3312 neque
1450 3244 1514 3298 scio.

580 3332 636 3401 Ego
655 3333 753 3385 bonum
772 3332 870 3384 malum
890 3348 941 3399 quo
961 3331 1072 3393 accedit,
1091 3330 1155 3383 mihi
1174 3331 1232 3383 dari
1251 3331 1321 3383 haud
1342 3331 1472 3384 desidero.

442 3421 615 3503 Utramque
638 3427 758 3504 partem
781 3417 1043 3503 compensationis
1059 3417 1194 3481 hocloco
1213 3417 1313 3481 obiter
1328 3418 1455 3503 quidem
1471 3427 1609 3482 attamen

440 3519 516 3584 satis
549 3518 687 3583 dilucide
718 3519 861 3583 videmus
894 3517 1112 3599 significatam.
1171 3517 1325 3582 Charinus
1357 3519 1440 3582 enim
1476 3518 1610 3581 libenter

441 3623 685 3703 nonnumquam?
709 3617 828 3682 labores
850 3625 1054 3702 suscepturus
1075 3625 1131 3694 est,
1163 3617 1330 3682 dummodo
1352 3618 1466 3682 bonum
1487 3617 1607 3702 aliquid

444 3718 646 3804 adipiscatur,
668 3738 777 3782 servus
796 3725 901 3781 autem
926 3717 1042 3781 bonum
1058 3737 1204 3802 spernere
1219 3716 1350 3798 mavult,
1372 3738 1412 3780 ne
1434 3716 1468 3780 in
1491 3716 1610 3782 dolores

442 3816 609 3898 incidat.²)

522 3919 616 3983 Porro
648 3918 687 3982 ad
720 3918 849 3982 eandem
881 3917 919 3981 de
953 3917 1111 4001 voluptate
1142 3915 1316 3980 doctrinam
1346 3915 1479 3999 Eutychi
1516 3917 1609 3980 verba

442 4021 585 4099 referam,
605 4018 659 4103 qui
682 4018 715 4082 in
737 4019 798 4083 tine
822 4017 998 4082 Mercatoris
1021 4039 1050 4082 v.
1076 4019 1153 4081 1021
1178 4024 1364 4101 spectatores
1385 4015 1546 4080 admonet:

512 4119 570 4171 Neu
589 4117 729 4187 quisquam
749 4119 861 4187 posthac
880 4118 1019 4186 prohibeto
1039 4116 1234 4168 adulescentem
1254 4115 1337 4167 filium

511 4204 581 4268 Quin
601 4210 671 4257 amet
689 4209 716 4257 et
735 4210 849 4257 scortum
869 4205 956 4268 ducat,
976 4204 1046 4272 quod
1067 4205 1135 4256 bono
1153 4202 1200 4254 fiat
1218 4202 1304 4255 modo.

512 4291 602 4360 Siquis
621 4291 794 4359 prohibuerit,
813 4290 873 4359 plus
893 4289 985 4358 perdet
1004 4289 1071 4342 clam
1091 4290 1166 4358 quasi
1187 4289 1367 4357 praehibuerit
1387 4288 1474 4356 palam

517 4459 543 4525 l)
562 4459 601 4512 cf.
618 4460 695 4526 irgm.
714 4459 762 4511 601
783 4459 896 4524 (Seneca
915 4474 956 4526 ep.
976 4457 1018 4514 66.
1039 4457 1079 4510 18.
1107 4456 1226 4510 Lactant.
1246 4457 1298 4508 dir.
1317 4457 1379 4509 inst.
1398 4456 1435 4508 111
1455 4456 1495 4521 17,
1511 4455 1566 4523 42).

512 4546 540 4613 2)
559 4547 645 4600 Aliter
662 4547 725 4614 Leo,
743 4546 831 4600 Plaut.
850 4546 958 4598 Forsch.
977 4561 1038 4613 pag.
1059 4545 1115 4598 117.
