4075 5717
907 700 1114 764 ..23-

556 879 653 931 Omnes
672 878 704 931 de
723 878 800 931 nobis
819 879 981 931 camulicum
1001 878 1258 932 concelebrabuntur
1277 875 1343 927 dics.
1550 873 1600 925 311

553 965 662 1029 Libane,
682 981 752 1019 nunc
771 965 883 1018 audacia
902 970 980 1018 usust
998 966 1076 1019 nobis
1096 965 1205 1017 inventa
1221 968 1247 1015 et
1265 962 1342 1014 dolis.

552 1052 665 1104 Tantum
684 1051 788 1105 facinus
809 1053 884 1105 modo
905 1053 993 1104 inveni
1012 1069 1070 1120 ego,
1090 1057 1120 1104 ut
1139 1067 1187 1103 uos
1206 1050 1326 1103 dicamur
1345 1049 1399 1101 duo

554 1137 676 1190 Omnium
697 1138 853 1206 dignissumi
874 1155 1003 1207 essequo
1023 1139 1156 1192 cruciatus
1176 1136 1320 1190 confluant.

466 1222 515 1276 ni:
552 1225 621 1292 Ergo
641 1225 770 1290 mirabar,
798 1225 867 1293 quod
887 1226 986 1278 dudum
1010 1225 1135 1294 scapulae
1153 1224 1289 1291 gestibant
1307 1224 1380 1290 mibi,
1551 1224 1604 1278 315

555 1310 686 1364 Hariolari
706 1328 773 1380 quae
792 1317 951 1379 occeperunt
970 1313 1022 1365 sibi
1041 1328 1099 1365 esse
1118 1313 1146 1364 in
1161 1311 1259 1364 mundo
1273 1310 1381 1376 malum,

471 1428 472 1431 =
552 1396 687 1466 Quidquid
707 1403 756 1462 est,
774 1398 905 1467 eloquere.
941 1396 996 1451 Iso:
1016 1399 1138 1465 Magnast
1157 1397 1333 1467 praedatum
1353 1413 1449 1465 magno
1470 1398 1549 1452 malo.

466 1481 515 1537 ti:
552 1485 579 1563 Si
600 1484 705 1553 quidem
725 1500 815 1537 omncs
835 1486 965 1538 coniurati
985 1486 1164 1538 cruciamenta
1184 1485 1330 1549 conterant,

555 1569 645 1623 Habeo
665 1571 759 1639 opinor
778 1570 934 1623 familiarem
954 1577 1066 1638 tergum,
1085 1588 1118 1624 nc
1138 1588 1261 1640 quaeram
1282 1571 1355 1624 ioris.

463 1653 516 1709 Im:
554 1657 581 1708 Si
601 1657 678 1708 istam
697 1657 884 1709 firmitudinem
904 1658 985 1709 animi
1005 1659 1120 1726 optines,
1141 1658 1207 1711 salvi
1226 1674 1327 1711 sumus.
1550 1655 1605 1710 320

466 1740 516 1795 bi:
553 1742 622 1805 Quin
642 1744 662 1796 si
683 1750 757 1811 tergo
777 1760 818 1797 res
837 1743 998 1810 solvendam,
1017 1762 1110 1814 rapere
1130 1746 1209 1812 cupio
1229 1745 1378 1813 publicum:

551 1831 705 1897 Pernegabo
724 1835 804 1900 atque
822 1831 968 1891 obdurabo,
988 1832 1129 1900 periurabo
1148 1832 1270 1900 denique.

466 1916 516 1970 bc:
554 1917 600 1970 Em
620 1918 672 1970 ista
691 1918 774 1970 virtus
794 1922 843 1982 est,
863 1917 968 1986 quando
989 1918 1455 1987 11111111111111111111111111111.

552 2004 667 2056 Fortiter
686 2004 781 2056 malum
802 2005 847 2072 qui
866 2005 976 2074 patitur,
997 2005 1066 2057 idem
1087 2012 1147 2073 post
1166 2005 1268 2073 potitur
1285 2006 1393 2059 bonum.

467 2087 518 2143 ti:
555 2090 625 2153 Quin
644 2107 697 2143 rem
718 2095 836 2143 actutum
856 2089 1001 2143 edisseris?
1030 2092 1108 2159 cupio
1127 2090 1224 2143 malum
1244 2092 1399 2146 nanciscier.
1550 2093 1604 2147 325

433 2196 560 2278 Magnos
583 2194 710 2278 quidem
734 2195 854 2259 dolores
879 2216 945 2258 esse
967 2195 1181 2275 sustinendos
1204 2203 1374 2280 antequam
1395 2197 1490 2274 bona,
1522 2216 1603 2279 quae

432 2303 555 2378 optant,
579 2295 875 2375 manumissionem,
899 2295 1038 2380 praemia
1059 2294 1109 2359 vel
1132 2295 1252 2359 similia
1272 2303 1493 2379 assequantur,
1517 2297 1602 2360 servi

435 2415 623 2478 quamquem
648 2395 725 2458 111111
747 2395 866 2473 sciunt,
898 2403 1002 2458 tamen
1026 2394 1081 2458 illa
1100 2395 1260 2459 commoda
1281 2402 1347 2458 tam
1370 2416 1499 2478 magna,
1533 2404 1601 2460 tam

435 2493 591 2578 praeclara
623 2494 847 2573 invidentur,
883 2503 916 2558 ut
948 2495 1158 2575 incommoda,
1193 2516 1272 2579 quae
1300 2495 1498 2580 suscipienda
1518 2502 1599 2559 sunt

433 2593 532 2658 multo
558 2605 714 2680 superent.
759 2596 839 2673 Quin
869 2595 962 2659 etiam
992 2594 1144 2658 virtutem
1173 2595 1250 2658 mali
1278 2595 1399 2659 fortiter
1420 2595 1599 2680 perferendi

433 2704 594 2780 propterea
609 2695 824 2761 tantummodo
844 2704 996 2773 exercent,
1020 2695 1102 2778 quod
1126 2704 1230 2779 postea
1250 2695 1470 2759 emolumentis
1482 2717 1516 2759 se
1532 2717 1601 2760 esse

433 2797 584 2881 potituros
606 2797 722 2859 habent
744 2817 943 2881 persuasum,
975 2796 1033 2859 hoc
1056 2805 1102 2858 est
1125 2794 1272 2858 utilitatis
1295 2816 1403 2876 causa,
1426 2795 1545 2879 quain
1569 2818 1602 2860 re

435 2896 549 2960 iterum
569 2897 740 2981 Epicureae
769 2897 926 2960 doctrinae
948 2895 1013 2959 vim
1043 2895 1273 2975 cognoscimus,
1305 2894 1359 2978 qui
1392 2895 1510 2958 nullam
1536 2895 1600 2960 vir-

432 3004 532 3059 tutem
556 2995 618 3059 nisi
641 2996 750 3059 eadem
769 2997 806 3060 de
829 3017 919 3060 causa
943 2996 1114 3059 exercebat.

517 3097 561 3160 Cs.
585 3098 675 3178 frgm.
698 3098 759 3161 504
791 3097 892 3180 (Diog.
915 3097 948 3160 L.
971 3097 998 3160 X
1025 3097 1113 3177 138):
1149 3094 1204 3156 dccl
1232 3093 1270 3156 δὲ
1299 3093 1361 3176 τήν
1392 3093 1513 3177 ἡδονήν
1548 3095 1604 3158 καὶ

431 3196 491 3270 τοῖς
512 3196 632 3275 dipsade
651 3193 838 3277 αἱρεῖσθαι,
870 3194 910 3259 ου’
932 3196 973 3259 δι’
994 3195 1114 3275 αὑτάς,
1149 3193 1262 3276 ὥσπερ
1291 3195 1352 3278 τήν
1381 3192 1529 3280 ἰατρικήν
1550 3195 1609 3260 drot

431 3297 491 3379 τήν
512 3295 644 3376 ὑγίειαν,
667 3294 762 3359 καθοῐ
784 3314 865 3379 φησι
885 3297 939 3359 καὶ
961 3305 1110 3379 Διογένης
1132 3297 1168 3358 ἐν
1189 3297 1353 3379 opscus
1372 3294 1577 3359 Ἐπιλέκτων.

515 3405 555 3468 Ε1
584 3403 702 3468 ibidem
734 3402 866 3485 (Seneca
889 3403 962 3467 dial.
988 3404 1048 3469 VlI
1079 3406 1116 3474 ad
1141 3405 1316 3469 Gallionem
1347 3405 1385 3468 de
1418 3403 1483 3466 vita
1516 3403 1610 3467 beata

432 3503 526 3586 9‚1):
557 3503 619 3570 Seu
642 3513 675 3568 tu
695 3525 825 3585 quoquc,
856 3505 958 3589 inquit
980 3503 1177 3588 (Epicuros)
1199 3506 1342 3567 virtutem
1367 3524 1433 3568 nort
1454 3503 1489 3567 ob
1513 3503 1610 3568 uliud

433 3606 508 3669 colis
530 3626 623 3690 quom
647 3606 723 3690 quia
745 3603 888 3684 aliquam
909 3624 947 3668 ec
969 3603 1030 3668 illo
1052 3624 1161 3688 speras
1183 3607 1381 3685 voluptatem.

515 3706 602 3770 Idem
626 3715 730 3769 autem
753 3713 837 3790 patet
860 3705 953 3768 etiarn
978 3705 1016 3769 de
1041 3704 1223 3767 tortitudine
1244 3705 1357 3768 valere.

516 3806 561 3868 ct.
581 3809 670 3888 l'rgm.
686 3806 746 3868 516
769 3803 932 3888 (Origenes
948 3815 1054 3868 contra
1073 3805 1196 3868 Celsum
1211 3806 1237 3867 V
1250 3807 1289 3870 47
1309 3826 1337 3890 p.
1349 3805 1411 3871 270
1434 3802 1606 3887 (Hoesch):

432 3900 517 3966 οὕτω
537 3903 575 3967 δὲ
592 3905 646 3966 καὶ
668 3899 749 3986 ἄλλη
763 3907 825 3983 μὲν
840 3904 859 3985 ἡ
875 3901 1065 3985 Ἐπικούρου
1083 3903 1224 3984 α’νδρεία
1241 3905 1465 3985 ὑπομένοντος
1484 3903 1610 3978 πόνους

431 4004 486 4067 dccl
508 4004 613 4089 φυγήν
633 4003 747 4067 πόνων
770 4001 939 4083 πλειόνων,
972 4000 1054 4087 ἄλλη
1077 4004 1147 4086 δήί
1178 4006 1236 4066 τοῦ
1266 4003 1338 4066 cino*
1362 4007 1420 4086 τῆς
1441 4007 1542 4076 στοᾶς
1566 4004 1609 4068 δι’

430 4103 536 4166 ου’τΰν
558 4102 751 4184 αἱρουμένου
772 4108 890 4168 πᾶσαν
912 4097 1038 4187 dosoris
1059 4104 1125 4167 κτλ.

518 4203 647 4267 Accedit
676 4226 746 4271 vero
778 4204 969 4284 1111111111,
1000 4226 1060 4288 quo
1087 4205 1271 4289 Epicuream
1303 4203 1369 4267 illis
1401 4203 1434 4266 in
1463 4203 1609 4268 versibus

432 4304 521 4367 nobis
545 4303 684 4386 praeberi
715 4303 888 4367 doctrinam
920 4303 1021 4384 magis
1049 4314 1186 4388 apparet,
1230 4328 1259 4368 v.
1282 4305 1345 4368 320
1374 4301 1608 4369 firmitudinem

431 4403 530 4466 animi
562 4413 834 4466 commemoratam
867 4403 1024 4477 videmus
1056 4424 1149 4487 quam
1180 4405 1219 4468 ab
1249 4404 1383 4488 Epicuro
1405 4423 1471 4466 esse
1500 4411 1610 4487 postu-

430 4490 527 4566 latam
551 4523 567 4565 e
592 4505 763 4585 fragmento
775 4504 835 4567 397
861 4502 1080 4585 intellegimus
1104 4504 1181 4587 (Cic.
1203 4505 1233 4567 d.
1254 4506 1275 4568 f.
1296 4501 1397 4584 140):
1417 4503 1612 4569 Extremam
