4075 5717
834 681 1040 756 —753-

354 868 493 924 attamen
517 881 641 947 semper
662 862 810 926 benevolo
830 863 935 926 animo
957 863 1025 925 sine
1049 863 1237 928 morositate.
1281 865 1394 928 Contra
1417 868 1523 927 autem

353 960 474 1032 amicus
485 961 578 1025 amici
594 961 676 1025 iusta
687 962 850 1046 opprobria
859 962 1161 1047 patienteraocipere
1170 963 1262 1028 debet
1270 965 1371 1048 iisque
1383 962 1521 1046 obsequi.

457 1061 522 1124 Iam
562 1061 748 1125 Aristoteles
798 1062 876 1126 hauc
923 1062 1096 1127 doctrinam
1136 1065 1301 1148 'professus
1341 1071 1405 1143 est3
1452 1061 1522 1127 Eth.

354 1160 421 1224 Nic.
447 1162 523 1225 VIII
546 1162 611 1242 6,7
645 1162 706 1242 τήν
735 1161 847 1243 φιλίαν
876 1169 980 1244 μέσην
1010 1152 1095 1224 εἶναι
1123 1162 1290 1236 κολακείας
1319 1162 1373 1224 καὶ
1401 1163 1524 1242 ἔχθρας

353 1259 431 1324 dicit
453 1267 484 1324 et
506 1261 577 1325 Eth.
603 1261 842 1342 Ni0.1X12‚3:
865 1261 886 1344 ἡ
908 1262 945 1324 δὲ
968 1265 1034 1324 τῶν
1054 1263 1206 1324 ἐπιεικῶν
1228 1260 1349 1346 (φιλία)
1372 1259 1523 1345 ἐπιεικής,

353 1364 621 1444 σοναοξανομένα]
642 1364 714 1432 ταῖς
734 1360 881 1440 ὁμιλίαις.
924 1362 1057 1426 δοκοῦσι
1074 1363 1112 1425 δὲ
1129 1361 1185 1424 καὶ
1197 1362 1344 1444 βελτίους
1363 1364 1511 1442 γενόσθα

352 1462 553 1542 ἐνεργοῦντες
574 1460 629 1522 καὶ
652 1460 863 1540 διορθοῦντες
877 1460 1044 1545 ἀλλήλους.
1081 1461 1332 1541 α’πομοίττονται
1352 1463 1412 1543 γαρ
1435 1461 1512 1541 παρ’

350 1559 498 1644 α’λλήλων
520 1551 566 1634 οἷς
586 1560 791 1642 α’ρέσκονται,
809 1556 894 1623 ὅθεν

695 1657 801 1714 ἐσθλῶν
818 1655 945 1731 μὲνγὰρ
965 1654 1012 1712 ἄπ’
1030 1659 1125 1713 iabiu.

352 1751 431 1815 Tum
464 1749 694 1834 Theophrastus
726 1749 811 1812 idem
847 1749 997 1833 postulat,
1043 1749 1124 1832 quod
1168 1749 1288 1833 liquido
1325 1756 1453 1834 apparet
1485 1769 1523 1812 ex

351 1851 433 1914 Lael.
458 1851 514 1916 88:
546 1848 632 1913 Nam
654 1856 681 1912 et
702 1849 851 1913 monendi
884 1849 978 1912 amici
999 1868 1092 1933 saepe
1112 1855 1187 1912 sunt
1217 1855 1244 1911 et
1266 1847 1465 1930 obiurqaneli,
1498 1854 1525 1911 et

353 1950 429 2014 baec
451 1950 634 2030 accipienda
657 1950 764 2029 amice,
787 1969 857 2012 cum
879 1947 1018 2012 benevole
1036 1948 1126 2030 fiunt.
1170 1949 1209 2012 89
1238 1947 1300 2012 Seel
1321 1947 1425 2012 nescio
1447 1967 1521 2028 quo·

352 2050 443 2115 macla
465 2071 574 2115 uerum
597 2056 649 2126 est,
671 2049 808 2134 quadiu
831 2048 964 2113 Andria
985 2049 1164 2130 familiaris
1184 2066 1271 2111 ruens
1293 2047 1388 2111 elicit:

524 2150 680 2218 obsequium
701 2150 808 2216 amicos,
827 2149 924 2201 veritas
945 2149 1033 2201 odium
1053 2149 1131 2216 parit.

352 2244 490 2309 Molesta
519 2244 654 2325 ueritas,
686 2244 717 2307 si
748 2243 872 2328 quidem
902 2263 1004 2306 eea-ea
1033 2243 1179 2306 nascitur
1206 2243 1331 2318 aelium,
1364 2242 1447 2323 qnod
1475 2246 1521 2305 est

350 2364 500 2409 uenenum
523 2345 690 2423 amicitiae,
713 2343 769 2408 sed
791 2343 969 2428 obsequium
987 2343 1084 2406 multo
1100 2342 1266 2421 molestius,
1290 2343 1373 2427 quael
1382 2343 1520 2422 peccatis

350 2444 521 2529 indutuens
535 2445 743 2527 praecipitem
761 2445 897 2508 amicum
917 2442 1000 2521 ferri
1021 2443 1115 2522 sinit;
1138 2443 1279 2505 maxima
1302 2449 1405 2506 autem
1426 2444 1520 2526 culpa

351 2545 386 2608 in
408 2564 457 2621 eo,
486 2544 541 2628 qui
565 2550 592 2606 et
616 2543 777 2608 ueritatem
808 2549 999 2627 aspernatur
1026 2549 1053 2605 et
1073 2544 1109 2606 in
1128 2543 1278 2622 fraudem
1307 2542 1449 2628 obsequio
1470 2543 1519 2605 in-

346 2644 489 2729 pellitur.
534 2641 629 2706 Omni
645 2644 746 2728 ipitur
766 2643 825 2707 bac
847 2645 881 2708 iu
904 2665 939 2706 re
960 2642 1106 2707 labenda
1127 2644 1210 2707 ratio
1230 2651 1256 2707 et
1277 2643 1443 2724 dilipentia
1464 2647 1519 2720 est,

350 2745 490 2828 primum
513 2749 547 2808 ut
574 2744 705 2806 manilio
727 2743 906 2822 acerbitate,
933 2743 1047 2808 deinde
1074 2750 1110 2807 ut
1140 2742 1313 2829 obinrputio
1334 2742 1520 2806 contumelia

352 2851 473 2920 careat,·
501 2843 537 2907 in
559 2843 702 2924 obsequio
724 2850 844 2923 autem,
874 2846 1025 2924 quoniam
1048 2843 1238 2908 Terentiano
1268 2843 1359 2906 uerbo
1389 2842 1521 2906 libenter

352 2944 481 3022 utimur,
504 2944 633 3007 comitas
647 2944 742 3022 adsit,
760 2944 940 3020 adsentatio,
964 2946 1114 3009 citiorum
1129 2945 1282 3022 adiutrix,
1302 2944 1412 3026 procul
1434 2964 1519 3007 amo·

353 3050 471 3123 ceatur,
494 3064 574 3130 qnae
595 3065 659 3108 non
681 3044 771 3109 modo
793 3046 908 3122 arnico,
939 3046 993 3110 secl
1011 3066 1051 3109 ne
1072 3044 1168 3108 libera
1190 3043 1315 3129 quictem
1336 3043 1435 3124 eliqna
1457 3050 1518 3108 est:

353 3143 447 3208 aliter
457 3145 539 3209 enim
551 3165 621 3208 cum
632 3151 779 3226 tyranno,
798 3145 892 3209 aliter
902 3167 973 3209 cum
984 3147 1086 3209 amico
1097 3145 1221 3208 uiuitur.
1253 3145 1294 3207 90
1307 3143 1405 3208 Cuius
1415 3151 1519 3208 autem

353 3264 450 3308 aures
471 3245 597 3308 clausae
614 3246 738 3308 ueritati
759 3253 843 3324 suut,
874 3255 908 3309 ut
930 3246 969 3310 ab
991 3247 1090 3309 amica
1113 3265 1221 3309 uerum
1242 3245 1356 3308 audire
1377 3251 1518 3329 nequeat,

352 3344 447 3408 buius
469 3344 559 3407 salus
580 3344 779 3429 desperanda
801 3351 861 3419 est3
891 3348 1005 3410 scitum
1033 3351 1077 3409 est
1105 3346 1188 3408 enirn
1206 3344 1289 3409 illucl
1312 3343 1457 3424 Gelonis,
1486 3349 1520 3407 nt

352 3443 468 3508 multu:
495 3444 627 3524 „melius
649 3445 687 3509 cle
708 3445 896 3530 quibusdam
918 3447 1042 3512 acerbos
1062 3447 1206 3511 inimicos
1224 3446 1339 3521 mereri
1360 3465 1455 3529 quom
1472 3464 1521 3506 eas

353 3546 479 3622 anticos,
502 3546 557 3630 qui
575 3545 682 3610 (lrrlces
696 3545 885 3609 m'deantur:
908 3548 979 3612 illas
992 3569 1099 3611 aerum
1115 3567 1208 3630 saepe
1229 3546 1340 3623 elicere,
1361 3544 1417 3608 bos
1429 3565 1519 3607 num·

352 3645 480 3731 quam.“
524 3648 627 3730 Atque
642 3645 725 3710 illud
743 3646 925 3724 absurdum,
942 3649 1026 3729 quael
1041 3649 1076 3727 ii,
1095 3649 1151 3733 qui
1166 3650 1343 3721 monentur,
1366 3665 1434 3709 eam
1456 3664 1519 3708 mo·

352 3746 490 3823 lectiam,
519 3766 616 3826 qnam
638 3746 746 3810 debent
767 3769 892 3832 capere,
922 3769 986 3812 nou
1008 3750 1156 3829 capiunt,
1189 3768 1257 3811 eam
1279 3747 1424 3830 capiunt,
1456 3765 1520 3825 qua

352 3845 461 3911 debent
483 3867 613 3922 vacare;
634 3867 778 3930 peccasse
792 3851 874 3911 enim
891 3869 923 3912 se
940 3870 1004 3913 non
1022 3855 1194 3931 aupuntur,
1218 3847 1381 3930 obiurqari
1398 3846 1521 3909 moleste

350 3945 475 4028 ferunt:
500 3947 583 4027 quael
600 3953 710 4010 cantra
723 3947 887 4031 oportebat,
911 3949 1020 4013 delicte
1036 3948 1148 4024 elolere,
1169 3948 1357 4011 correctione
1369 3944 1519 4026 paudere.

352 4049 391 4112 91
421 4047 460 4111 m
482 4049 580 4129 ipitur
602 4054 629 4112 et
648 4069 772 4112 mouere
792 4055 819 4112 et
835 4051 956 4112 moneri
971 4051 1138 4132 proprium
1155 4056 1199 4112 est
1215 4068 1306 4111 verae
1321 4046 1479 4109 amicitiae
1494 4052 1521 4108 et

352 4150 486 4212 alterum
510 4147 605 4213 libere
625 4149 745 4230 fucere,
777 4170 841 4213 non
867 4169 994 4233 aspere,
1024 4150 1159 4212 alterum
1184 4149 1343 4227 patienter
1372 4146 1519 4228 accipere,

351 4267 417 4311 non
438 4255 668 4333 repupnanter,
698 4250 743 4312 sic
763 4248 943 4312 babendum
965 4255 1006 4312 est
1028 4249 1150 4313 nullam
1181 4249 1216 4312 in
1238 4247 1386 4310 amicitiis
1402 4251 1520 4330 pestem

352 4366 417 4411 esse
445 4347 597 4411 maiorem
625 4369 722 4433 quam
743 4348 975 4425 adulationem,
1009 4347 1217 4427 blanditiam,
1253 4347 1521 4422 adsentationem

352 4448 498 4528 quumvis
521 4449 603 4511 enim
622 4447 732 4513 multis
753 4450 933 4513 nominibus
953 4457 997 4514 est
1017 4447 1073 4512 boc
1089 4448 1199 4511 citium
1214 4447 1388 4511 notandum
1406 4446 1521 4510 leuium

350 4547 513 4612 bominum
545 4554 637 4630 atoue
662 4548 848 4632 fallacium,
880 4551 924 4615 ad
955 4551 1144 4616 uoluntatem
1174 4548 1368 4631 loquentium
1399 4547 1516 4626 omnia,
