4075 5717
826 623 947 734 ..ογ
993 705 1030 716 ..

424 849 532 932 ltaque
554 871 613 922 nou
637 848 738 915 solum
760 849 825 934 ipse
841 850 956 921 multos
970 850 1087 916 amicos
1104 869 1227 934 semper
1242 870 1346 916 secum
1364 850 1506 932 habebat,

341 948 526 1031 quibuscum
544 949 782 1025 concordissime
798 949 933 1029 vivebat,
949 949 971 1027 ¹)
989 949 1162 1027 sedetiam,
1186 949 1329 1032 quamvis
1345 949 1377 1018 in
1395 950 1506 1016 ceteris

342 1048 433 1117 rebus
461 1048 567 1112 omnia
588 1048 625 1111 ad
649 1069 739 1111 suum
765 1049 877 1112 bonum
900 1057 994 1133 atque
1015 1049 1054 1112 ad
1085 1069 1173 1127 suam
1198 1048 1367 1114 utilitatem
1390 1051 1504 1113 referre

341 1147 470 1226 soleret,
501 1168 554 1232 pro
583 1147 693 1216 amicis
721 1147 873 1220 maximos
902 1148 1116 1232 suscipiendos
1139 1169 1205 1212 esse
1235 1149 1354 1213 labores
1363 1149 1398 1228 ί),
1427 1149 1503 1232 quin

343 1247 437 1311 etiam
468 1246 664 1311 moriendum
674 1245 699 1327 ³)
732 1247 862 1321 censuit.
906 1248 1058 1332 Epicurus
1090 1248 1187 1329 igitur
1210 1249 1243 1312 iu
1271 1248 1418 1313 amicitia
1440 1249 1505 1316 lau·

343 1348 443 1412 danda
465 1346 682 1430 Peripateticis
705 1369 765 1411 non
788 1347 890 1421 cessit,
914 1347 1034 1431 quade
1058 1369 1159 1427 causa,
1181 1357 1251 1415 utro
1272 1369 1310 1411 ex
1332 1350 1414 1414 lente
1437 1349 1506 1430 loci,

344 1447 396 1531 qni
420 1446 453 1510 in
477 1446 644 1511 comoediis
662 1455 794 1526 exstant,
818 1446 974 1524 fluxerint,
997 1436 1173 1510 discernere
1198 1469 1258 1512 uon
1281 1449 1387 1514 audeo.
1429 1448 1507 1513 Sunt

342 1555 449 1611 autem
471 1545 521 1621 hi:
870 1629 873 1634 .
1152 1590 1162 1616 .

424 1645 588 1710 Menandri
610 1649 699 1728 l‘rgm.
725 1647 783 1710 128
805 1667 834 1709 v.
861 1646 981 1708 15-16
1004 1645 1102 1725 (Keclr
1126 1648 1172 1710 lll
1194 1668 1261 1732 pag.
1283 1648 1354 1722 38r:

550 1744 641 1816 πολλῷ
658 1742 688 1796 δὲ
708 1745 833 1816 κρεῖσσόν
852 1739 927 1796 ἐστιν
946 1739 1073 1815 ἐμφανὴς
1092 1744 1171 1811 φίλος

551 1825 569 1901 ἢ
586 1829 705 1890 πλοῦτος
723 1825 838 1900 ἀφανής,
858 1823 890 1882 ὅν
904 1847 940 1881 »συ
959 1827 1114 1902 κατορύξας
1132 1828 1215 1902 ἔχεις.

343 1919 492 1983 Eiusdem
513 1921 604 2000 frgm.
627 1918 685 1981 331
708 1913 807 1996 (Koclr
830 1918 875 1981 Ill
899 1937 967 2001 pag.
992 1919 1082 1990 nar:

552 2010 623 2070 οὕτω
642 2018 780 2069 ποθεινόν
798 2015 874 2069 εὀτιν
893 2009 1051 2088 ὁμότροπος
1070 2017 1156 2084 φίλος.

345 2105 383 2169 Et
404 2107 493 2187 lrgm.
518 2105 579 2178 554
601 2101 698 2186 (Kool
722 2105 769 2168 ΙΙΙ
792 2124 859 2188 pag.
883 2103 972 2184 reor:

552 2204 602 2256 οὐκ
621 2199 653 2256 ἐκ
670 2199 763 2255 πότων
781 2203 828 2255 καὶ
846 2199 895 2272 τῆς
913 2195 980 2254 καθ’
1002 2197 1110 2274 ἡμέραν
1130 2199 1235 2272 τρυφῆς

556 2289 693 2359 ζητοῦμεν
711 2275 733 2362 ᾧ
750 2280 938 2358 πιστεύσομεν
957 2282 990 2340 τὰ
1010 2286 1060 2341 τοῦ
1077 2289 1150 2353 βίου,

554 2375 658 2445 πάτερ;
678 2369 711 2428 οὗ
729 2368 862 2445 περιττὸν
881 2368 949 2426 οἴετ’
968 2369 1148 2447 ἐξευρηκέναι

553 2455 669 2530 ἀγαθὸν
685 2458 806 2528 ἕκαστος,
826 2455 861 2513 ἄν
883 2458 931 2534 ἔχῃ
950 2461 1032 2527 φίλου
1051 2463 1144 2523 cruda:

347 2551 440 2615 Porro
462 2548 544 2634 apud
566 2548 712 2623 Plautum
736 2548 856 2633 Epidio.
879 2570 909 2611 v.
932 2550 992 2612 423
1015 2548 1205 2633 Periphanes
1226 2548 1397 2614 exclamat:

552 2647 595 2700 Nil
615 2648 715 2701 homini
734 2648 844 2701 amicost
863 2658 1013 2716 opportuno
1033 2649 1152 2701 amicius.

345 2738 385 2802 Et
395 2734 541 2799 Bacchid.
563 2757 592 2799 v.
609 2734 671 2804 384
688 2734 915 2799 Menesiloclrus
939 2735 1121 2799 adulescens
1144 2733 1317 2798 amicitiam
1334 2733 1509 2818 praedicat:

414 2834 576 2887 Multimodis
601 2834 743 2886 meditatus
763 2838 865 2901 egomet
884 2851 984 2887 mecum
1004 2851 1062 2887 sum
1085 2839 1111 2886 et
1129 2835 1167 2886 ita
1185 2833 1244 2886 esse
1262 2834 1389 2886 arbitror:

414 2921 519 2974 Homini
539 2921 622 2973 amico
643 2921 715 2988 quist
734 2921 834 2973 amicus
853 2921 890 2972 ita
908 2920 947 2972 uti
966 2937 1062 2973 nomen
1082 2921 1201 2989 possidet

416 3008 472 3060 Nisi
494 3006 557 3060 deos
577 3007 601 3059 ei
620 3006 658 3059 nil
678 3010 829 3074 praestare:
848 3007 873 3058 id
895 3023 975 3076 opera
994 3012 1119 3076 expertus
1138 3024 1195 3060 sum
1215 3021 1273 3059 esse
1292 3006 1338 3058 ita.

346 3095 406 3159 Sed
429 3114 618 3178 quamquam
648 3092 823 3158 amicitiam
852 3095 888 3157 ad
920 3095 1018 3159 vitam
1043 3094 1179 3159 maxime
1209 3113 1275 3156 esse
1304 3090 1509 3156 necessariam

345 3195 573 3260 contendebant
594 3193 806 3279 Peripatetici,
830 3202 935 3259 tamen
957 3195 994 3258 de
1015 3193 1220 3259 multitudine
1242 3192 1413 3256 amicorum
1438 3211 1508 3254 con·

346 3295 568 3378 quirendorum
590 3294 680 3376 longe
704 3294 795 3357 aliter
811 3294 991 3360 iudicabant
1011 3303 1105 3378 atque
1122 3301 1241 3358 ceterae
1257 3291 1512 3377 philosophorum

346 3404 457 3459 sectae.
479 3393 631 3479 Epicurus
650 3415 744 3478 quam
761 3393 913 3478 plurimos
929 3395 989 3458 sibi
1006 3393 1190 3459 conciliabat
1202 3392 1318 3456 amicos
1330 3387 1352 3469 ¹)
1369 3397 1400 3452 et
1417 3388 1513 3453 etiam

345 3495 441 3560 Stoici
465 3493 663 3577 πολυφιλίαν
683 3495 951 3559 commendabant.

430 3596 474 3659 Cf.
494 3594 586 3678 Diog,
599 3595 632 3659 L.
652 3595 712 3658 VII
734 3597 806 3659 124:
837 3594 878 3657 δι’
898 3593 1000 3656 αὐτόν
1025 3593 1060 3655 o’
1080 3589 1211 3673 αἱρετὸν
1231 3591 1290 3653 τόν
1312 3588 1407 3671 φίλον
1428 3588 1511 3650 α’πο·

347 3698 523 3778 φαίνονται
544 3691 588 3774 (οἱ
608 3694 747 3776 Rauraci)
770 3694 823 3756 καὶ
846 3693 907 3777 τήν
927 3691 1126 3774 πολυφιλίαν
1147 3689 1290 3770 uranon

363 3791 367 3796 Α
430 3796 542 3859 Contra
569 3794 785 3879 Peripateticis
816 3795 906 3880 pauci
939 3793 1136 3859 sufficiebant
1165 3791 1276 3868 amici,
1315 3810 1376 3873 qua
1411 3787 1449 3851 de
1482 3808 1513 3850 re

345 3894 532 3959 Aristoteles
561 3894 631 3958 Eth.
663 3894 731 3959 Nic.
754 3895 799 3959 lX
832 3897 869 3960 10
900 3893 1075 3959 accuratius
1107 3893 1264 3977 disputat:
1292 3880 1354 3970 Ἆρ’
1386 3875 1446 3949 οὖν
1476 3885 1517 3958 ὠς

346 3994 522 4068 πλείστους
545 3994 657 4077 φίλους
680 4001 840 4076 ποιητέον,
860 3990 882 4079 r'j
904 3991 1061 4072 καθάπερ
1084 3991 1140 4053 ἐπὶ
1163 3993 1220 4075 τῆς
1241 3993 1348 4065 ξενίας
1369 3986 1515 4068 ἐμμελῶς

346 4093 503 4178 εἰρῆσθαι
524 4093 615 4157 δοκεῖ

615 4191 688 4265 μήτε
706 4187 868 4253 πολίξεινος
886 4188 953 4265 μήτ’
972 4189 1089 4255 ἄξεινος,

346 4285 541 4292 *—

419 4323 446 4391 1)
464 4323 502 4377 of.
525 4322 579 4376 Cio.
599 4323 625 4376 d.
643 4323 661 4375 f.
680 4323 692 4374 Ι
710 4323 752 4376 65.

417 4409 446 4476 2)
466 4409 506 4463 ot.
525 4411 601 4476 imm.
621 4410 771 4478 546(P1ut.
791 4409 850 4460 adv.
869 4407 952 4460 Colot.
972 4406 996 4458 8.
1015 4407 1052 4473 7).

417 4496 445 4565 3)
463 4496 501 4549 Ol.
520 4496 596 4565 lrgm.
617 4496 669 4550 590
687 4498 773 4565 (Diog.
792 4495 822 4548 L.
840 4494 880 4546 IX
900 4491 969 4561 121).
