4075 5717
912 672 1121 738 „34-

515 854 581 921 Hoc
604 853 689 933 loco,
721 853 869 938 quoniam
892 854 930 918 de
952 855 1103 940 improbis
1125 853 1216 920 lactis
1235 854 1367 938 agimus,
1391 853 1454 918 alia
1474 850 1601 938 Epicuri

430 963 689 1020 commemoretur
710 954 882 1034 sententia,
911 975 990 1038 quae
1018 955 1147 1039 insuper
1170 955 1276 1039 aliqua
1302 954 1427 1039 quidem
1452 961 1600 1038 exparte

431 1077 502 1119 cum
518 1075 562 1135 ea,
585 1075 678 1139 quarn
697 1053 787 1118 modo
808 1054 1028 1138 spectavimus
1051 1076 1166 1119 conexa
1178 1063 1233 1118 est.
1278 1055 1393 1137 Agitur
1408 1053 1446 1116 de
1464 1052 1599 1130 homine,

432 1155 487 1239 qui
509 1155 662 1237 flagitium
687 1155 778 1235 fecit,
808 1175 868 1238 quo
891 1154 981 1218 modo
1005 1154 1036 1217 in
1068 1165 1184 1219 rectam
1212 1154 1303 1219 viam.
1321 1154 1419 1239 possit
1448 1153 1599 1217 recedere.

431 1256 560 1320 Prorsus
583 1277 654 1320 curu
678 1255 919 1319 christianorum
943 1254 1056 1339 placito
1076 1255 1306 1319 consentientes
1331 1253 1477 1339 Epicurei
1501 1262 1598 1316 statn-

432 1363 524 1419 ernnt
544 1355 725 1440 unicuique,
755 1354 922 1419 dummodo
945 1354 1028 1418 rnale
1048 1375 1080 1417 se
1101 1354 1210 1418 fecisse
1232 1353 1440 1418 intellexisset
1462 1354 1601 1416 sceleris·

433 1476 493 1539 qne
522 1476 593 1518 eurn
624 1454 805 1538 paeniteret,
836 1454 894 1519 hoc
919 1453 1109 1518 maleficium
1131 1453 1250 1536 ignosci
1272 1475 1375 1539 posse3
1410 1453 1601 1538 paenitentia

432 1563 538 1619 autem
557 1575 633 1639 opus
655 1575 731 1635 esse,
753 1576 825 1619 cum
847 1554 939 1619 aliter
961 1556 1053 1619 homo
1077 1554 1207 1637 „corrigi
1231 1574 1290 1620 uon
1315 1553 1447 1638 posset.“

519 1656 570 1720 uf,
594 1658 684 1738 frgm.
716 1655 776 1719 522
804 1653 936 1735 (Seneca
958 1675 1007 1739 ep.
1038 1654 1087 1733 28,
1111 1652 1162 1734 9):
1209 1653 1347 1738 Tempus
1381 1659 1424 1718 aar
1453 1654 1603 1733 desinere,

433 1755 488 1820 aed
518 1756 550 1818 si
575 1755 674 1839 prius
702 1755 880 1839 portorium
913 1753 1041 1819 solvero.
1093 1755 1230 1819 initium
1262 1761 1308 1818 est
1343 1755 1462 1820 salutis
1491 1757 1604 1820 nolitia

434 1856 562 1936 peccati.
606 1854 744 1937 Egregie
764 1854 844 1918 mibi
864 1854 921 1919 boc
943 1855 1061 1919 dixisse
1082 1852 1207 1920 videtur
1226 1854 1397 1936 Epicurea.
1442 1855 1605 1942 Numqui

432 1974 563 2036 peccare
582 1973 617 2017 se
638 1955 744 2033 aucit,
767 1955 885 2036 corripi
907 1974 972 2018 uorr
991 1955 1070 2019 coll:
1093 1954 1312 2036 deprehendas
1328 1961 1357 2019 te
1370 1962 1497 2041 oportet,
1520 1962 1606 2020 aute·

434 2073 531 2136 paam
551 2054 707 2118 emendos.

519 2171 558 2236 Et
579 2171 697 2236 ibidem
722 2170 840 2252 (Horat.
863 2192 911 2257 ep.
936 2171 951 2234 Ι
975 2173 1001 2252 1,
1024 2168 1093 2250 41):

643 2271 735 2324 Virtus
755 2275 795 2324 est
813 2271 905 2323 vitium
924 2271 1016 2338 fugere
1035 2274 1062 2322 et
1079 2270 1211 2338 supientia
1230 2271 1315 2339 prima

643 2358 758 2410 stultitia
776 2357 902 2411 carnisse.

435 2445 526 2509 Haud
555 2466 644 2510 secus
674 2445 708 2509 in
735 2444 901 2509 Aulularia
930 2441 1037 2506 fabula
1066 2439 1237 2524 Lyconides
1265 2439 1305 2503 ab
1327 2439 1487 2518 Euclione,
1517 2441 1609 2505 cuins

436 2544 519 2608 filiae
540 2544 604 2609 vim
627 2544 745 2624 attulit,
768 2544 892 2609 veniam
915 2543 1085 2627 impetrare
1107 2548 1235 2604 conatur
1257 2538 1375 2624 peccati
1396 2562 1426 2606 v.
1447 2542 1509 2606 789
1532 2563 1580 2626 sq.

1159 2638 1231 2690 Audi
1249 2639 1382 2691 nunciam.

540 2726 590 2790 Qui
609 2729 687 2781 homo
706 2727 810 2796 culpam
830 2728 937 2781 admisit
955 2729 983 2780 in
1002 2743 1040 2793 se,
1060 2726 1163 2779 nullust
1180 2730 1234 2778 tam
1254 2726 1328 2793 parvi
1347 2726 1425 2794 preti,

539 2811 622 2876 Quom
643 2814 750 2883 pudeat,
769 2815 833 2883 quin
853 2820 948 2883 purget
966 2830 1040 2867 sese:
1067 2829 1138 2865 nunc
1156 2818 1182 2865 te
1201 2813 1327 2879 obtestor,
1346 2811 1448 2876 Euclio,

540 2898 583 2966 Ut,
602 2901 689 2968 siquid
710 2916 758 2968 ego
778 2917 840 2968 erga
857 2905 885 2953 te
907 2901 1053 2969 inprudens
1073 2900 1179 2967 peccavi
1198 2903 1244 2951 ant
1262 2904 1370 2966 gnatam
1389 2902 1472 2963 tuam,

541 2984 576 3037 Ut
594 2986 658 3038 mihi
675 2986 798 3054 ignoscas
818 3003 927 3055 eamque
945 3003 1053 3040 uxorem
1068 2986 1132 3038 mibi
1148 2984 1204 3050 dee,
1223 2987 1253 3035 ut
1271 2983 1343 3052 leges
1359 2984 1467 3035 iubent:

542 3071 596 3140 Ego
615 3089 655 3125 me
674 3073 798 3125 iniuriam
817 3073 911 3126 fecisse
930 3073 1002 3126 filiae
1020 3073 1104 3125 fateor
1122 3076 1184 3124 tuae

542 3157 644 3211 Cereris
663 3159 760 3226 vigiliis
780 3161 934 3228 parvinum
955 3164 1034 3228 atque
1051 3158 1161 3226 inpulsu
1179 3157 1384 3210 adulescentiae.

521 3247 618 3322 Quem
642 3246 744 3309 locum
769 3248 915 3330 quoniam
938 3247 976 3311 ab
999 3246 1125 3331 Epicuri
1155 3244 1296 3310 doctrina
1317 3243 1471 3326 originem
1494 3243 1608 3307 ducere

439 3343 669 3426 intelleximuS,
704 3367 738 3410 eo
771 3346 887 3410 maiore
919 3347 1049 3410 andacia
1082 3346 1180 3410 aliurn
1213 3345 1242 3408 ei
1275 3345 1414 3408 tribuere
1444 3343 1607 3421 audemus,

438 3465 627 3529 quamquam
646 3467 682 3509 ex
696 3447 917 3531 Epicureorum
936 3446 1064 3531 scriptis
1079 3444 1260 3509 testimonia
1276 3444 1380 3508 all'erri
1398 3465 1458 3508 non
1478 3453 1608 3528 possunt

438 3552 469 3607 et
491 3543 523 3608 id
547 3565 644 3607 unum
670 3555 889 3626 argumentum
916 3548 1022 3627 adest,
1054 3547 1136 3630 quod
1156 3546 1237 3630 apud
1259 3544 1398 3610 Stoicum
1422 3543 1608 3629 scriptorem

439 3664 563 3727 prorsus
593 3645 779 3709 contrariam
808 3647 995 3711 sententiam
1034 3646 1222 3710 invenimus.
1278 3644 1458 3709 Trinummi
1490 3667 1521 3709 v.
1547 3647 1607 3710 318

439 3742 544 3807 Philto
566 3743 678 3824 filiurn,
702 3746 756 3828 qui
778 3769 796 3810 a
819 3747 901 3810 malo
924 3768 956 3810 se
980 3767 1103 3831 semper
1124 3745 1242 3809 cavisse
1264 3744 1413 3826 gloriatus
1436 3752 1483 3807 est
1508 3766 1607 3828 neque

439 3863 588 3926 umquam
612 3845 694 3929 patri
716 3846 961 3911 sollicitudinem
984 3846 1128 3910 attulisse
1150 3846 1205 3910 sed
1225 3866 1349 3930 semper
1367 3845 1607 3928 obtemperasse,

437 3942 598 4008 admonet:

543 4042 611 4104 Quid
631 4045 775 4111 exprobras
793 4045 858 4097 bene
878 4044 947 4113 qnod
966 4044 1075 4098 fecisti?
1103 4046 1153 4098 tibi
1172 4045 1269 4109 fecisti,
1293 4060 1347 4097 non
1366 4045 1444 4096 mihi:

541 4127 608 4181 Mihi
628 4129 732 4198 quidem
753 4136 826 4184 aetas
846 4137 931 4185 actast
949 4132 1039 4198 ferme,
1057 4135 1103 4184 tua
1122 4132 1191 4184 istuc
1210 4130 1290 4183 refert
1308 4147 1437 4185 maxume.

542 4215 568 4267 ls
586 4216 707 4284 probust,
726 4234 802 4285 quem
824 4218 950 4286 paenitet,
969 4235 1047 4286 qnam
1068 4219 1166 4287 probus
1187 4219 1222 4270 sit
1240 4222 1266 4269 et
1285 4217 1354 4285 frugi
1375 4218 1474 4270 bonae:

543 4299 592 4362 Qui
611 4302 686 4370 ipsus
707 4318 735 4355 se
754 4305 907 4367 contemnit,
926 4305 953 4356 iu
970 4309 1028 4358 eost
1046 4305 1151 4357 indoles
1169 4304 1333 4357 industriae:

543 4387 686 4440 Beuefacta
703 4391 848 4443 benefactis
868 4392 927 4443 aliis
948 4394 1087 4460 pertegito,
1106 4409 1139 4444 ne
1159 4392 1309 4461 perpluant.

438 4481 620 4545 Similitudo
652 4482 745 4547 huius
774 4494 867 4568 atque
890 4487 1103 4552 antecedentis
1133 4486 1193 4552 loci
1223 4487 1360 4552 eamihi
1382 4487 1607 4572 videturesse,
