4075 5717
921 749 956 762 -
1001 719 1043 782 20
1084 751 1125 762 -

515 897 561 961 cf.
574 898 665 980 frgm.
678 896 719 960 34
741 895 844 979 (Diog.
859 897 891 961 L.
907 896 1019 978 X30):
1042 895 1216 977 διαιρεῖται
1236 900 1347 958 τοίνυν
1368 893 1403 979 (η
1424 894 1500 957 κατ’
1524 894 1622 959 Ἐπί·

430 1017 545 1076 κουρον
567 993 760 1079 φιλοσοφία)
791 995 836 1068 είς
863 1001 954 1076 τρία,
984 993 1024 1058 τό
1047 1020 1084 1058 τε
1112 995 1281 1058 κανονικὸν
1309 995 1363 1056 καί
1385 995 1535 1077 φυσικιίυ
1561 996 1619 1059 καί

431 1093 560 1176 ἠθικόν.
598 1097 636 1157 τύ
668 1099 730 1176 μὲν
752 1083 812 1159 ούν
839 1098 1008 1158 κανονικύν
1038 1095 1178 1178 ἐφόδους
1205 1096 1262 1158 ἐπὶ
1289 1095 1351 1181 τήν
1372 1101 1621 1176 πραγματείαν

433 1194 569 1274 ἔχεικαὶ
592 1196 683 1259 ἔστιν
704 1195 740 1257 ἐν
761 1194 809 1258 ἐνί
831 1199 877 1278 τῷ
899 1196 1149 1279 ἐπιγραφομένῳ
1169 1191 1288 1259 κανιύν.

514 1295 606 1359 Hune
628 1294 726 1378 igitur
750 1295 884 1376 librum,
908 1318 969 1381 quo
991 1297 1029 1361 de
1052 1296 1159 1379 regula
1181 1304 1213 1360 et
1234 1297 1352 1360 iudicio
1375 1294 1526 1361 veritatis
1550 1298 1619 1362 dis·

434 1394 532 1459 seruit
554 1394 769 1480 philosophus,
800 1418 829 1462 v.
851 1398 889 1461 21
915 1419 1031 1481 coquus
1054 1397 1136 1461 inter
1158 1417 1209 1460 eos
1230 1404 1401 1476 enumerat,
1424 1417 1505 1480 quos
1534 1398 1620 1462 bono

434 1514 531 1578 eoquo
552 1496 755 1580 perlegendos
778 1517 844 1560 osse
867 1506 982 1562 oenset.

517 1594 659 1678 Denique
681 1595 742 1660 huo
763 1596 900 1680 pertinet
922 1596 1104 1682 Apollodori
1127 1596 1265 1680 Carystii
1286 1599 1408 1679 frgm.5
1431 1596 1541 1678 (Koek
1570 1601 1622 1664 Ill

435 1716 503 1778 pag.
522 1694 615 1776 280:
651 1782 664 1811 ἵ

643 1815 664 1847 ω
681 1797 784 1857 πάντες
802 1793 958 1870 ἅνθρωποι,
977 1799 1004 1850 τί
1023 1791 1053 1850 τὸ
1072 1795 1120 1868 ζῆν
1138 1789 1224 1868 ἡδέως

643 1885 780 1954 παρέντες
800 1880 981 1957 ἐπιμελεῖσθε
1002 1883 1051 1938 τοῦ
1070 1883 1161 1944 κακοῖς
1178 1889 1273 1937 ποιεῖν

644 1969 834 2042 πολεμοῦντες
852 1966 999 2042 άλληλους;
1017 1970 1123 2044 πότερα
1143 1969 1215 2043 πρδς
1234 1970 1289 2024 τῶν
1307 1967 1385 2023 θεῶν

643 2053 788 2111 ἐπιστατεῖ
804 2075 847 2118 τις
865 2057 915 2112 τοῦ
932 2060 994 2127 βίον
1017 2060 1079 2112 νυνί
1098 2060 1164 2130 τύχη

646 2140 779 2217 ἄγροικος
800 2137 885 2216 η’μιῖν,
903 2140 968 2198 οιίδέ
985 2145 1118 2198 παιδείαν
1137 2139 1204 2204 ὅλως

646 2229 744 2296 είδοῖα,
763 2233 789 2284 τί
808 2226 838 2284 τὸ
857 2228 944 2284 κακόν
962 2227 1026 2285 ποτ’
1045 2227 1061 2302 ἢ
1080 2233 1106 2285 τί
1124 2225 1254 2301 τάγαθὸν

662 2313 718 2371 ἐστ’
738 2313 879 2387 άγνοούσα
897 2315 1040 2377 παντελεῖς
1059 2317 1119 2389 εἰκῆ
1138 2320 1168 2371 τί
1187 2337 1245 2377 πως

646 2396 719 2475 ἡμᾶς
738 2399 891 2458 κυλίνδοντ’
911 2397 999 2457 ὅντιν’
1017 2399 1052 2457 ιίν
1071 2406 1137 2478 τύχη
1156 2402 1273 2477 τρόπον;

646 2485 725 2560 οίμαί
742 2509 785 2560 γε.
820 2489 880 2550 πῶς
898 2486 953 2563 γὰρ
971 2490 1079 2561 μᾶλλον
1096 2486 1131 2543 άν
1149 2492 1295 2561 προείλετο

642 2569 741 2647 Ἕλλην
759 2572 871 2648 ιίληδοῖς
890 2564 958 2631 ούσα
976 2578 1150 2650 λεπομένους
1168 2570 1238 2651 δρᾶν

647 2656 748 2722 αύτούς
766 2658 813 2731 ὐφ’
831 2659 923 2716 αύτοίν
941 2664 988 2716 καί
1006 2665 1232 2722 καταπίπτοντας
1250 2663 1375 2735 νεκρούς,

648 2743 710 2806 ἐξὸν
728 2745 840 2822 ἱλαρούς
858 2752 1007 2813 παίζοντας
1026 2743 1245 2809 ύποπεπωκύτας

649 2829 840 2907 αύλουμένους
855 2836 983 2902 υποδεῖν;
1002 2832 1061 2907 λέγ’
1079 2834 1157 2907 αύτή,
1176 2829 1344 2906 γλυκυτάτη,

649 2919 741 2993 ἔλεγχ’
759 2919 893 2995 άγροικον
911 2911 997 2977 οὖσαν
1015 2920 1094 2996 ἡμῶν
1112 2920 1164 2994 τήν
1181 2924 1274 2993 τύχην.

649 3089 683 3148 ού
700 3094 781 3149 τοῦτο
801 3091 831 3149 τὸ
850 3096 898 3167 ζῆν
916 3093 975 3150 ἐστι
994 3092 1043 3150 τὸν
1061 3094 1236 3166 καλούμενον

650 3179 726 3234 θεῶν
745 3177 853 3253 άληθῶς
869 3185 938 3252 βίον.
974 3177 1027 3255 ύσιρ
1045 3179 1074 3235 δ’
1093 3176 1189 3254 ἡδίονα

649 3261 683 3320 τὰ
700 3264 844 3339 πράγματ’
863 3267 894 3324 ἐν
912 3276 973 3330 ταῖς
989 3271 1104 3324 πόλεσιν
1123 3257 1156 3341 ἦν
1175 3265 1210 3322 ἄν
1231 3264 1247 3340 ἢ
1266 3263 1300 3321 τίι
1318 3266 1378 3332 νῦν,

651 3353 676 3409 εί
695 3355 902 3428 μεταβαλόντες
920 3352 971 3410 τὸν
990 3360 1051 3426 βίον
1069 3355 1213 3429 διήγομεν

648 3444 742 3497 πίνειν
759 3439 919 3515 Ἀθηναίους
938 3439 1065 3505 ἅπαντας
1083 3439 1147 3504 τοὺς
1164 3442 1247 3515 μέχρι

650 3526 720 3582 ἐτῶν
739 3526 889 3602 τριάκοντ’,
908 3528 1014 3590 ἐξιέναι
1035 3527 1099 3591 τοὺς
1118 3530 1220 3589 ἱππέας

650 3612 809 3688 ἐπίκωμον
828 3617 869 3677 είς
889 3619 1039 3691 Κόρινθον
1058 3615 1162 3690 ἡμέρας
1180 3615 1255 3680 δέκα,

652 3698 717 3763 τούς
735 3699 786 3775 τὴν
804 3701 928 3776 ῥάφανον
947 3704 1108 3764 πωλοῦντας
1127 3701 1213 3770 ἕψειν
1233 3699 1399 3772 Μεγαρέων,

650 3788 691 3849 εὶς
709 3785 740 3842 τὸ
758 3792 906 3860 βαλανεῖον
925 3786 1039 3845 άπιέναι
1058 3787 1122 3850 τοὺς
1141 3790 1309 3861 συμμάχους,

650 3870 822 3948 κεραννύναι
840 3873 889 3932 τὸν
908 3875 985 3932 οίνον
1003 3873 1114 3947 Εύβοῆς
1132 3870 1222 3949 τρυφὴ

511 3959 544 4012 25
650 3962 698 4015 καί
714 3964 772 4031 βίος
791 3958 908 4035 άληθῶς.
946 3960 1004 4019 άλλ’
1024 3957 1182 4035 άπαιδεύτῳ
1201 3959 1269 4036 τύχη

650 4048 827 4122 δουλεύομεν.

443 4135 532 4198 Haud
563 4137 669 4220 peuois
698 4138 730 4201 in
762 4139 903 4204 versibus
934 4139 1027 4202 huius
1057 4136 1224 4220 fragmenti
1254 4134 1424 4219 Epicureae
1453 4129 1625 4197 doctrinae

443 4235 508 4298 vim
540 4237 761 4319 cognoscimus,
817 4240 946 4304 Prorsus
978 4261 1050 4303 oum
1083 4238 1139 4302 illo
1178 4234 1374 4300 consentiens
1404 4229 1626 4315 Apollodorus

444 4335 619 4420 ροριιίειοε,
641 4337 776 4403 iuounde
799 4348 834 4405 ut
855 4341 975 4421 vivent,
999 4340 1141 4404 hortatur
1162 4360 1191 4403 v.
1216 4335 1295 4400 1—3
1317 4344 1348 4397 et
1370 4333 1453 4397 siout
1473 4330 1507 4395 in
1533 4333 1625 4416 frog-

442 4445 550 4500 mento
574 4438 764 4519 Demoxeni‚
793 4440 831 4504 de
853 4462 912 4524 quo
942 4441 1033 4505 modo
1054 4439 1150 4505 verba
1171 4436 1320 4513 fecimus,
1343 4453 1459 4518 coquus
1481 4430 1623 4515 Stoicos,

442 4537 518 4625 quid
540 4539 583 4601 sit
607 4539 731 4620 bonum,
755 4543 875 4606 nescire
898 4542 989 4620 dixit,
1013 4540 1058 4604 sio
1081 4539 1114 4603 in
1134 4537 1228 4601 huius
1246 4534 1389 4600 versibus
1403 4536 1423 4597 6
1437 4532 1503 4597 et7
1527 4533 1623 4601 idem
