4075 5717
1036 665 1242 727 ..45-

555 843 726 929 respiciens
746 844 867 909 fabulas
885 844 917 908 in
940 865 1030 908 usum
1052 845 1212 908 rhetorum
1233 845 1441 929 composuisse
1464 845 1595 909 dicatur.
1641 842 1729 918 Quae

553 965 622 1008 cum
648 943 693 1007 ita
717 944 791 1023 sint,
816 944 988 1008 verisimile
1012 967 1113 1010 nonne
1136 945 1228 1009 dehet
1249 944 1349 1009 videri
1373 949 1478 1029 poetas
1501 943 1605 1028 potius
1623 941 1726 1005 Theo·

555 1044 673 1128 phrasti
696 1043 813 1128 scripta
836 1044 947 1127 legisse
972 1066 1065 1127 quam
1089 1044 1285 1120 Aristotelis,
1320 1043 1502 1129 praesertim
1535 1064 1605 1106 curn
1631 1041 1728 1104 huius

556 1143 629 1207 libri
655 1143 699 1208 ita
716 1144 860 1208 dilliciles
893 1153 997 1208 essent
1027 1144 1207 1224 intellectu,
1239 1143 1388 1207 utrina
1411 1140 1576 1228 discipulis
1599 1147 1729 1226 possent

557 1244 709 1326 intellegi,
730 1244 934 1328 Theophrasti
951 1258 1054 1307 autem
1074 1255 1155 1308 esset
1175 1243 1345 1329 proprium,
1363 1252 1406 1320 ut,
1425 1241 1569 1327 quamvis
1581 1239 1728 1322 magistri

557 1343 689 1426 vestigia
712 1351 881 1427 premeret,
913 1352 1016 1407 tamen
1053 1343 1203 1408 nonnulla
1234 1343 1339 1406 minus
1369 1363 1475 1407 severe
1505 1350 1536 1405 et
1564 1340 1666 1422 magis
1688 1339 1728 1404 ad

557 1464 754 1508 communem
784 1463 909 1506 sensum
939 1451 1100 1521 tractaret,
1129 1454 1160 1507 et
1189 1444 1278 1525 longe
1301 1443 1442 1507 sraviore
1470 1453 1564 1527 atque
1586 1443 1727 1508 faciliore

557 1565 649 1628 quam
673 1542 858 1606 Aristoteles
880 1542 1037 1607 scribendi
1057 1564 1168 1625 genere
1190 1542 1353 1607 uteretur?

639 1658 843 1746 Theophrasti
861 1660 950 1739 liber,
973 1661 1027 1744 qui
1045 1661 1215 1746 inscriptus
1233 1671 1299 1725 erat
1314 1660 1390 1741 napi
1406 1659 1524 1743 φιλίας,
1546 1667 1726 1744 temporum

557 1760 705 1824 duritiam
736 1781 797 1824 non
820 1760 967 1845 pertulit,
1000 1761 1054 1824 sed
1087 1762 1210 1825 restitui
1244 1770 1345 1847 potest
1368 1783 1405 1824 ex
1428 1760 1586 1824 Ciceronis
1610 1759 1726 1837 Laelio,

558 1859 612 1943 qui
627 1867 709 1923 totus
726 1881 763 1924 er
780 1882 815 1924 eo
835 1860 959 1945 pendet,
984 1870 1015 1924 et
1030 1862 1188 1927 Plutarchi
1209 1862 1343 1947 scriptis.
1358 1862 1379 1940 ¹)
1423 1862 1532 1944 ltaque
1550 1868 1725 1945 praecepta,

558 1981 636 2043 quae
663 1961 745 2046 apud
775 1961 954 2024 Ciceronem
978 1969 1009 2024 et
1030 1961 1236 2026 Plutarchum
1259 1962 1415 2043 leguntur,
1449 1983 1488 2025 ex
1517 1958 1726 2044 Theophrasti

557 2059 636 2124 lihro
652 2059 779 2123 llurisse
796 2059 1043 2124 concludendum
1061 2070 1116 2138 est,
1140 2062 1322 2146 praesertim
1345 2061 1371 2124 si
1394 2062 1502 2125 eadem
1523 2056 1619 2124 etiam
1641 2058 1727 2144 apud

555 2159 759 2224 Aristotelem
788 2159 1002 2223 inveniuntur.
1047 2161 1133 2236 Quod
1163 2170 1268 2224 autem
1297 2161 1336 2225 ad
1360 2168 1497 2225 nostram
1526 2167 1728 2242 argumenta·

557 2259 675 2324 tionem
697 2259 820 2337 attinet,
845 2259 1002 2344 imprimis
1026 2260 1208 2324 Aristotelis
1231 2260 1347 2344 scripta
1368 2261 1582 2346 respiciemus,
1607 2260 1727 2344 quippe

555 2380 634 2445 quae
651 2358 771 2440 integra
789 2366 911 2422 servata
929 2359 1002 2439 sint,
1026 2361 1089 2440 sed,
1113 2360 1257 2444 quotiens
1275 2361 1342 2424 heri
1359 2369 1469 2445 potest,
1491 2359 1728 2445 Theophrastus

557 2478 678 2542 quoqne
700 2479 776 2521 num
801 2458 884 2521 idem
906 2458 1056 2541 docuerit,
1080 2481 1274 2543 quaeremus.

637 2574 823 2639 Aristoteles
842 2575 910 2639 Eth.
924 2575 991 2640 Nic.
1006 2577 1083 2642 Vlll
1098 2580 1155 2658 l,l
1181 2579 1423 2664 disputationem
1443 2580 1481 2643 de
1503 2578 1645 2642 amicitia
1667 2577 1727 2642 hoo

558 2675 649 2739 modo
671 2674 802 2760 incipit:
832 2671 932 2737 Μεταλ
962 2675 1128 2740 δὲταῦτα
1147 2679 1223 2758 περὶ
1246 2678 1353 2762 φιλίας
1375 2679 1480 2742 ἔποφ’
1501 2675 1545 2742 ἄν
1566 2678 1727 2742 διελθεῖν.

557 2775 627 2837 ἔστι
646 2773 707 2855 γαρ
727 2771 827 2858 α’ρετή
851 2797 897 2848 τις
919 2771 941 2859 ἢ
962 2777 1033 2856 μετ’
1054 2777 1182 2862 α’ρειῆς,
1203 2781 1250 2841 ἔτι
1272 2780 1302 2841 d’
1317 2777 1577 2861 ἀναγκαιότατον
1599 2777 1644 2852 είς
1668 2777 1729 2840 τόν

556 2877 638 2954 βίον.
688 2867 769 2936 ἄνευ
794 2873 855 2955 yolo
884 2875 988 2958 φίλων
1007 2876 1114 2950 οὐδεὶς
1144 2878 1238 2942 ἕλοιτ’
1266 2876 1310 2942 ἄν
1339 2883 1411 2963 ζῆν,
1442 2882 1525 2959 ἔχων
1553 2878 1595 2941 ad
1623 2878 1727 2942 lornei

556 2973 672 3053 dyada?
692 2971 814 3036 πάντα.
858 2976 956 3051 Quam
979 2977 1221 3063 Peripateticam
1243 2981 1432 3044 sententiam
1455 2980 1562 3046 Cicero
1586 2980 1618 3043 in
1641 2979 1729 3043 hunc

558 3074 683 3137 modum
710 3075 821 3138 format
843 3082 874 3138 ot
896 3075 1046 3159 exprimit
1062 3078 1144 3141 Lael.
1157 3082 1213 3143 22:
1238 3080 1301 3160 Qui
1318 3087 1418 3164 potest
1440 3101 1502 3143 esee
1524 3081 1586 3143 citu
1609 3078 1728 3158 vitulis,

558 3175 650 3238 utuit
661 3173 798 3247 Ennius,
820 3195 900 3260 quoe
921 3197 984 3239 ιιοιι
1006 3179 1042 3240 ia
1063 3179 1157 3241 arciri
1180 3187 1289 3242 mrrtoo
1308 3180 1514 3244 benivolentia
1530 3180 1727 3265 conquiescit.

558 3274 650 3340 Unde
670 3284 799 3359 apparet
810 3275 1033 3360 Peripateticos
1051 3278 1210 3342 amicitiae
1234 3302 1435 3364 permagnam
1457 3281 1523 3345 vim
1545 3280 1729 3344 attribuisse

558 3395 689 3458 eamque
711 3375 844 3439 summis
869 3376 1012 3441 laudibus
1036 3380 1143 3442 ellerre
1166 3380 1273 3443 solitos
1291 3402 1365 3445 esse.
1410 3380 1598 3445 Huiusmodi
1618 3380 1729 3443 laudes

558 3473 616 3537 etsi
640 3474 722 3558 apud
746 3475 878 3540 comicos
900 3497 1022 3560 quoque
1054 3488 1158 3562 poetas
1184 3480 1372 3559 invenimus,
1405 3491 1521 3561 tamen,
1545 3502 1583 3544 ne
1606 3489 1727 3545 temere

556 3572 596 3637 ad
618 3573 861 3658 Peripateticum
884 3577 1001 3640 iontem
1026 3581 1214 3658 referamus,
1245 3581 1418 3644 cavendum
1442 3590 1505 3658 est,
1536 3602 1606 3645 cum
1630 3581 1728 3645 etiam

562 3672 714 3757 Epicurus
736 3674 910 3739 amicitiam
933 3677 1065 3761 plurimi
1085 3679 1308 3744 aestimaverit.

641 3792 685 3855 cf.
712 3794 800 3875 lrgm.
824 3794 884 3857 539
907 3793 981 3874 (Cic.
1006 3796 1044 3859 de
1068 3798 1152 3861 lluib.
1177 3799 1299 3878 1180):
1338 3799 1433 3864 Ratio
1455 3801 1531 3875 istu,
1556 3819 1652 3879 quom
1675 3797 1729 3861 de-

557 3888 680 3972 fendis,
699 3884 868 3976 praecepto
890 3914 971 3977 quae
992 3896 1148 3976 didicisti,
1173 3921 1251 3984 qnae
1271 3901 1396 3980 probos,
1416 3901 1566 3982 fonditus
1588 3906 1731 3963 coartaret

566 3991 755 4069 amicitiam,
785 3994 931 4072 quamvis
951 4015 1020 4058 eom
1043 3997 1223 4079 Ερίαινιιν,
1246 4008 1279 4064 ut
1299 4001 1395 4082 fucit,
1419 4003 1451 4064 in
1475 4001 1594 4065 coelum
1617 3999 1730 4081 efferat

561 4089 717 4154 laudidus.

645 4190 784 4273 Ethiog.
797 4191 830 4256 L.
849 4191 879 4255 X
899 4194 973 4257 148:
994 4178 1040 4251 ὦν
1063 4188 1080 4269 ἡ
1105 4195 1205 4268 σοφία
1227 4185 1511 4268 παρασκευάζεται
1531 4185 1575 4259 εἰς
1597 4185 1657 4270 τήν
1672 4188 1734 4247 τοῦ

561 4284 638 4352 ὅλου
658 4294 733 4371 βίον
748 4287 982 4372 μακαριότητα,
1005 4288 1091 4351 πολύ
1106 4286 1260 4369 μέγιστόν
1275 4289 1366 4350 ἐστιν
1381 4286 1400 4371 ἡ
1414 4290 1470 4371 τῆς
1484 4286 1591 4368 φιλίας
1609 4289 1731 4369 κτῆσις.

634 4487 660 4554 1)
680 4486 718 4539 Ol.
738 4487 856 4557 lloylhut
875 4487 907 4539 de
923 4487 1100 4554 Theophrasti
1120 4486 1194 4538 libris
1213 4487 1278 4557 περὶ
1297 4487 1399 4554 φιλίας.
1431 4487 1540 4540 Bonnae
1558 4504 1582 4540 a.
1604 4487 1677 4538 1876.
