4075 5717
916 657 1124 721 ..50-

544 837 632 904 Atque
650 837 659 887 i
679 851 707 888 ee
726 851 803 904 quom
823 834 960 900 trustmnt,
979 834 1101 886 frustrari
1119 833 1186 887 alios
1205 833 1294 886 stolidi
1313 834 1476 887 existimant.

533 921 608 974 Sicut
627 925 669 974 est
686 922 744 987 hic,
773 937 849 989 quem
870 936 928 973 esso
947 921 1059 973 amicum
1081 925 1154 973 ratus
1173 935 1231 972 sum
1251 924 1330 988 atque
1349 921 1425 990 ipsus
1444 937 1504 973 sum
1524 921 1603 973 mibi:

531 1006 577 1058 Ille
597 1006 666 1075 quod
686 1006 715 1059 in
734 1022 762 1060 se
780 1006 831 1059 luit
850 1015 1004 1059 accuratum
1025 1006 1120 1059 babuit
1138 1005 1208 1074 quod
1227 1013 1318 1074 posset
1336 1006 1399 1059 mali

531 1091 641 1145 Faceret
658 1093 687 1145 in
708 1108 757 1158 me,
784 1091 967 1145 inconciliaret
986 1093 1077 1160 copias
1096 1092 1182 1144 omnis
1201 1107 1281 1144 meas.

453 1173 502 1232 Pi:
530 1178 680 1246 Improbum
700 1178 789 1230 istunc
810 1193 867 1230 esse
886 1181 990 1245 oportet
1010 1178 1149 1231 hominem.

511 1266 557 1329 Ex
579 1265 672 1329 Ovidi
695 1264 851 1329 Tristibus
874 1284 983 1327 omues
1007 1264 1085 1328 bene
1106 1265 1250 1329 novimus
1272 1265 1479 1329 sententiam:

533 1365 622 1418 Donec
640 1365 691 1418 eris
710 1363 783 1430 felix,
802 1362 899 1415 multos
919 1365 1072 1416 numerabis
1092 1365 1200 1430 amicos,

587 1453 718 1519 Tempora
737 1451 759 1502 si
778 1450 876 1502 luerint
896 1449 996 1516 nubila,
1015 1450 1088 1502 solus
1107 1452 1167 1503 eris.

433 1541 479 1604 Ne
502 1540 582 1604 hanc
604 1538 733 1622 quidem
755 1535 943 1621 sapientiam
964 1537 1081 1601 frustra
1098 1539 1180 1624 apud
1193 1539 1416 1625 Peripateticos
1430 1539 1604 1622 indagabis.

514 1657 559 1721 cf.
582 1655 651 1720 Eth.
675 1654 752 1719 Eud.
776 1656 836 1719 Vll
858 1657 883 1734 1,
904 1656 959 1718 16:
982 1655 1030 1715 ἔτι
1052 1655 1144 1718 δοκεῖ
1162 1659 1229 1729 τοῖς
1250 1660 1313 1737 μὲν
1332 1656 1446 1740 ῥᾴδιον
1467 1657 1507 1720 τό
1529 1652 1605 1741 κτή-

431 1760 561 1821 σασθαι
577 1755 682 1838 φίλον,
703 1758 771 1827 τοῖς
788 1752 826 1816 dd
847 1753 1080 1818 σπανιώτατον
1099 1760 1227 1837 γνῶναι,
1249 1757 1304 1819 καὶ
1325 1755 1384 1820 οὐκ
1405 1755 1608 1837 ἐνδέχεσθαι

431 1852 514 1918 ἄνευ
536 1855 694 1936 εὐτυχίας.
736 1857 804 1927 τοῖς
825 1854 886 1935 yolo
904 1843 943 1918 εὖ
959 1854 1143 1934 πράττουσι
1161 1857 1336 1938 βούλονται
1352 1854 1478 1931 πάντες
1495 1858 1607 1920 δοκεῖν

432 1963 521 2047 φίλοι
542 1954 634 2026 εἶναι.
678 1959 709 2026 οἱ
738 1961 767 2024 d'
789 1961 868 2025 οὐδὲ
896 1964 964 2032 τοῖς
993 1959 1267 2039 συνδιαμένουσιν
1300 1958 1336 2020 dv
1364 1960 1436 2031 ταῖς
1457 1957 1609 2038 α’τυχίαις

433 2063 565 2139 α’ξιοῦσι
586 2058 770 2140 πιστεύειν,
801 2060 845 2134 ὦς
866 2061 1101 2136 ἐξαπατῶντας
1129 2058 1183 2120 καὶ
1207 2067 1520 2139 προσποιουμένους,
1550 2053 1609 2120 ἵνα

432 2160 616 2248 κτήσονται
637 2162 694 2225 drot
716 2163 772 2246 τῆς
794 2163 862 2222 τῶν
884 2158 1093 2241 α’τυχουυτωυ
1113 2158 1241 2239 ὁμιλίας
1262 2155 1366 2221 πάλιν
1380 2155 1611 2239 εὐτυχούντων

432 2263 553 2346 φιλίαν.

513 2371 601 2436 Idem
623 2376 729 2435 autem
753 2368 831 2432 dicit
853 2369 1023 2432 Menander
1046 2371 1136 2450 lrgm.
1161 2368 1220 2431 691
1244 2366 1344 2448 (K‘oclr
1364 2367 1411 2430 ΙΙΙ
1430 2387 1499 2452 pag.
1516 2366 1608 2447 199):

644 2461 746 2540 χρυσὸς
764 2466 819 2538 μὲν
838 2463 913 2520 older
929 2463 1127 2538 ἐξελέγχεσθαι
1144 2468 1220 2539 πυρί,
1497 2489 1499 2491 >

642 2548 659 2626 ἦ
678 2549 709 2607 d'
727 2552 758 2608 ἐν
777 2555 868 2621 φίλοις
888 2549 986 2607 εὔνοια
1005 2552 1092 2626 καιρῷ
1111 2554 1247 2624 κρίνεται.

435 2645 473 2709 Et
495 2645 585 2727 frgm.
606 2645 666 2708 692
688 2642 790 2725 (Koek
813 2643 860 2707 ΙΙΙ
881 2663 951 2727 pag.
976 2641 1068 2721 199):

642 2740 731 2815 καιρῷ
750 2737 800 2793 τὸν
819 2736 987 2812 εὐτυχοῦντα
1007 2739 1166 2793 κολακεύων
1185 2739 1263 2805 φίλος

642 2826 743 2898 καιροῦ
761 2827 840 2895 φίλος
857 2824 991 2893 πέφυκεν,
1012 2820 1074 2897 oripi
1092 2823 1142 2877 τοῦ
1161 2825 1250 2892 φίλου.

434 2917 464 2980 A
487 2916 602 3000 quibus
625 2915 758 2980 minime
779 2914 957 2978 discordant
978 2913 1079 2978 Stichi
1101 2913 1265 2978 Plautinae
1286 2935 1315 2977 v.
1336 2913 1396 2976 519
1414 2933 1459 2995 sq.

540 3015 616 3068 Satin
637 3031 685 3083 ego
704 3019 790 3067 tecum
812 3012 965 3082 pacificatus
985 3029 1042 3065 sum
1063 3011 1202 3082 Antipho?

436 3118 676 3203 Pamphilippus
699 3139 715 3181 e
738 3138 840 3181 socero
862 3117 1026 3201 quaesivit.

470 3224 581 3288 Quando
601 3225 638 3276 ita
656 3241 709 3276 rem
729 3224 859 3291 gessistis
883 3217 987 3302 inquit
1008 3217 1069 3294 hie,
1096 3228 1127 3276 ut
1146 3238 1192 3275 vos
1211 3221 1278 3273 velle
1306 3222 1458 3290 amicosque
1486 3220 1609 3286 addecet,

468 3317 524 3369 Pax
543 3321 749 3384 commersquest
768 3316 843 3368 vobis
862 3333 972 3370 mecum.
1001 3334 1061 3370 nam
1081 3317 1130 3369 hoc
1148 3320 1178 3368 tu
1196 3316 1286 3380 tacito,
1305 3319 1335 3367 ut
1354 3315 1468 3382 cogites:

469 3402 504 3456 Ut
523 3403 638 3471 quoique
657 3402 756 3456 homini
776 3419 817 3456 res
836 3407 967 3472 paratast‚
987 3403 1096 3472 perinde
1115 3403 1206 3455 amicis
1225 3403 1323 3453 utitur:

470 3489 498 3542 Si
517 3505 558 3542 res
578 3489 662 3554 firma,
681 3490 743 3542 item
761 3489 829 3542 firmi
851 3491 927 3542 amici
947 3494 1025 3543 sunt:
1046 3491 1087 3542 siu
1106 3505 1148 3542 res
1166 3488 1226 3541 laxe
1244 3489 1325 3553 labat,

471 3575 564 3628 ltidem
582 3576 659 3629 amici
679 3576 885 3630 contabescunt:
907 3593 948 3629 res
968 3577 1066 3630 amicos
1085 3576 1194 3629 invenit.

435 3661 554 3738 Quibus
570 3671 642 3748 apte
659 3684 823 3747 possumus
835 3663 1003 3745 adiungere
1016 3663 1158 3727 eiusdem
1174 3661 1294 3725 tabulae
1309 3680 1418 3724 versus
1429 3657 1607 3733 toa—414,

435 3761 489 3826 ubi
504 3762 696 3847 Epignomus
718 3764 849 3828 candem
865 3764 1052 3828 sententiam
1069 3765 1201 3848 prolert:
1218 3761 1327 3825 divitis
1345 3758 1480 3824 hominis
1498 3777 1609 3821 omnes

435 3861 551 3927 amicos
574 3883 640 3926 osse
661 3863 759 3927 velle:

630 3960 712 4024 Quom
731 3962 797 4015 bene
816 3978 843 4014 re
862 3965 937 4030 gesta
956 3963 1043 4016 salvos
1062 3967 1201 4017 convortor
1220 3962 1334 4025 domum,

631 4046 755 4117 Neptuno
776 4052 864 4116 grates
885 4049 968 4102 habeo
987 4053 1013 4103 ot
1033 4049 1252 4118 tempestatibus:

630 4134 714 4188 Simul
734 4131 874 4201 Mercurio,
893 4135 939 4204 qui
957 4152 998 4189 me
1017 4137 1046 4189 in
1064 4135 1241 4189 mercimoniis

629 4220 700 4274 Iuvit
717 4215 851 4290 lucrisque
871 4221 1086 4291 quadruplicavit
1103 4238 1156 4274 rem
1177 4238 1269 4273 meam.

631 4306 699 4360 Olim
718 4323 784 4376 quos
803 4308 895 4362 abiens
915 4307 1001 4361 adieci
1020 4309 1192 4377 aegrimonia,

633 4392 689 4447 llos
708 4410 780 4448 nuno
798 4394 923 4448 laetantis
941 4395 1035 4448 taciem
1056 4394 1171 4447 adventu
1190 4409 1256 4445 meo.

633 4481 702 4534 Nam
722 4483 773 4536 iam
794 4483 975 4551 Antiphonem
995 4483 1106 4536 conveni
1124 4480 1238 4534 adfinem
1257 4495 1343 4532 meum
