4075 5717
914 664 1120 728 ..23-

432 843 589 907 Nonnulla
619 842 814 907 incommoda
843 866 913 908 oum
938 866 1032 908 uxore
1056 845 1155 908 divite
1185 844 1349 909 coniuncta
1371 865 1437 907 esse
1459 842 1544 907 hisce
1566 843 1600 907 in

436 943 579 1007 versibus
598 943 834 1007 conceditur-
852 965 929 1008 uxor
947 945 1033 1009 enim
1050 945 1180 1008 molesta
1196 952 1242 1008 est
1263 965 1363 1028 neque
1386 943 1534 1007 maritum
1557 943 1602 1006 ita

432 1044 538 1107 vivere
554 1043 640 1124 sinit,
664 1052 697 1106 ut
716 1044 783 1128 ipse
801 1044 870 1108 vult
888 1081 927 1088 —
947 1052 1086 1108 attamen
1105 1044 1266 1108 commoda
1285 1052 1316 1107 et
1339 1044 1513 1128 voluptates
1535 1064 1600 1107 ma·

431 1143 571 1207 trimonii
595 1143 692 1207 multo
712 1144 923 1233 maiorasunt
945 1153 977 1208 et
1007 1145 1064 1209 illa
1086 1165 1181 1229 parva
1203 1144 1286 1208 mala
1308 1143 1406 1208 multo
1436 1150 1602 1227 superant3

432 1266 502 1306 nam
528 1242 620 1306 liberi
643 1243 823 1325 gignuntur,
847 1244 906 1325 vir,
928 1245 953 1308 si
978 1245 1011 1308 in
1037 1244 1178 1309 morbum
1202 1243 1324 1323 incidit,
1352 1243 1391 1306 ab
1414 1264 1508 1307 uxore
1530 1243 1602 1307 dili-

432 1343 614 1424 gentissime
646 1348 782 1424 fovetur,
816 1343 842 1406 si
874 1345 905 1407 in
927 1367 1111 1426 aerumnas,
1146 1343 1258 1408 solacio
1280 1343 1432 1424 afficitur,
1462 1351 1603 1406 mortuus

432 1443 582 1526 sepelitur
604 1442 695 1527 eique
718 1443 800 1506 iusta
821 1442 995 1508 solvuntur.
1040 1448 1191 1523 Quattuor
1222 1443 1319 1527 igitur
1349 1443 1519 1508 commodis
1542 1443 1602 1507 duo

432 1550 555 1606 tantum
578 1553 776 1627 opponuntur
798 1544 1003 1625 incommoda,
1028 1566 1107 1629 quae
1129 1545 1187 1610 hac
1208 1545 1246 1608 de
1268 1565 1361 1608 causa
1380 1564 1479 1627 aequo
1497 1543 1602 1608 animo

433 1643 560 1706 ferenda
580 1650 662 1706 suut.

517 1760 586 1823 nuo
606 1767 677 1842 ape
699 1760 882 1843 adiungitur
904 1763 995 1845 ngm.
1022 1763 1102 1828 rost
1122 1763 1219 1843 (utu
1242 1765 1288 1828 ru
1312 1784 1379 1848 pag.
1402 1727 1492 1842 acar:

639 1853 679 1929 μὴ
699 1844 749 1911 οὖν
768 1859 835 1912 θέλε
854 1860 952 1913 λυπεῖν
971 1856 1075 1914 σαυτὸν
1100 1857 1187 1927 εἰδώς,
1210 1856 1254 1915 ὅτι

639 1946 751 2005 πολλοῖς
769 1940 799 1999 τὸ
818 1945 924 2001 λυποῦν
943 1940 1061 2020 ὕστερον
1076 1943 1254 2020 χαρὰνᾶγει

645 2032 691 2083 καὶ
711 2027 740 2083 τὸ
762 2029 849 2086 κακὸν
869 2028 981 2103 ἅγαθοῦ
1001 2036 1112 2104 γίνεται
1131 2036 1290 2106 παραίτιον.

433 2118 525 2181 Porro
547 2140 712 2203 componas
735 2120 927 2186 Philemonis
948 2123 1039 2204 irgm.
1057 2124 1111 2186 161
1137 2122 1237 2204 (Kock
1261 2123 1290 2186 ll
1314 2143 1381 2206 pag.
1400 2119 1489 2201 525):

640 2213 713 2270 πόλλ’
733 2216 809 2271 ἔστιν
828 2217 859 2273 ἐν
876 2220 1022 2273 πολλαῖσιν
1044 2219 1147 2280 οἰκίαις
1165 2215 1247 2283 κακοί,

643 2299 661 2354 t·
681 2302 768 2363 καλῶς
787 2298 855 2358 ὅταν
874 2302 991 2381 ἐνέγκῃς
1010 2302 1106 2372 ἀγαθὰ
1125 2304 1284 2378 γενήσεται.

434 2390 516 2454 Mala
539 2390 635 2473 igitur
659 2385 818 2476 propterea
841 2394 1040 2478 suscipienda
1062 2403 1144 2474 sunt,
1166 2403 1199 2458 ut
1223 2395 1301 2458 bona
1322 2400 1501 2477 sequantur.

517 2489 660 2574 Denique
681 2491 742 2555 huc
765 2492 902 2577 pertinet
921 2493 1062 2558 eiusdem
1083 2495 1249 2578 frgm.153
1271 2493 1371 2575 (Koclr
1384 2494 1415 2556 Il
1427 2513 1495 2577 pag.
1508 2490 1601 2571 524):

640 2586 678 2650 ὡς
698 2584 783 2661 idcirce
799 2611 850 2663 μοι
869 2591 972 2661 γέγονε
992 2588 1026 2644 τὰ
1044 2586 1181 2665 πρότερον
1199 2590 1281 2645 κακά·

643 2676 671 2729 εἰ
688 2673 727 2748 μὴ
747 2672 802 2730 τότ’
821 2674 948 2742 ἐπόνουν,
968 2677 1019 2732 νῦν
1038 2673 1073 2730 ἂν
1089 2681 1139 2731 οὐκ
1158 2672 1360 2749 εὕφραινόμην.

520 2767 610 2830 Nunc
632 2765 669 2829 ad
693 2766 814 2829 fabulas
837 2766 998 2830 Plautinas
1019 2776 1223 2831 transeamus.

518 2868 555 2931 ln
588 2867 755 2929 Mercatore
786 2866 939 2930 Charinus
972 2868 1108 2931 amicam
1137 2866 1198 2930 sibi
1230 2866 1323 2944 emit,
1357 2887 1449 2950 quam
1481 2872 1601 2950 patrem

434 2966 533 3030 celare
563 2966 676 3030 studet.
721 2966 782 3029 Sed
803 2987 875 3029 cum
898 2966 997 3031 nihilo
1021 2967 1118 3031 setius
1142 2966 1168 3030 is
1190 2966 1296 3031 omnia
1318 2964 1495 3039 resciverit,
1525 2965 1601 3028 adu·

435 3065 555 3129 lescens
578 3066 767 3129 lamentatur
788 3087 817 3130 v.
840 3066 901 3129 356
923 3088 976 3151 sq:

572 3164 699 3218 Hocinest
716 3165 825 3218 amare?
844 3182 919 3218 arare
938 3167 1059 3220 mavelim
1079 3184 1156 3236 quarn
1177 3167 1215 3220 sic
1233 3183 1330 3220 amare.

571 3253 625 3304 lam
645 3252 706 3304 hino
725 3252 787 3305 olim
806 3269 846 3305 me
866 3253 977 3306 invitum
998 3255 1075 3307 domo
1095 3254 1207 3306 extrusit
1226 3254 1260 3306 ab
1279 3270 1323 3305 se:

570 3339 714 3391 Mercatum
732 3339 770 3391 ire
789 3339 882 3392 iussit:
908 3341 945 3392 ibi
965 3341 1014 3394 hoo
1034 3341 1131 3393 malurn
1150 3357 1199 3408 ego
1217 3340 1316 3392 inveni.

571 3425 622 3477 Ubi
642 3425 804 3494 voluptatem
824 3427 962 3493 aegritudo
982 3428 1081 3492 vineat,
1099 3427 1162 3495 quid
1181 3428 1218 3479 ibi
1238 3426 1308 3478 inest
1327 3425 1451 3478 amoeni?

435 3513 588 3578 Charinus
618 3511 715 3595 igitur
744 3514 1037 3598 „compensatione“
1066 3536 1127 3578 non
1158 3514 1303 3578 itabens
1329 3513 1471 3577 adhibita
1494 3511 1600 3597 volup·

436 3623 534 3678 tatem
558 3613 681 3699 petivit,
706 3635 823 3698 exque
845 3635 921 3678 num
944 3615 1044 3679 maior
1063 3614 1225 3697 aegritudo
1247 3616 1375 3679 fortasse
1397 3612 1494 3698 possit
1516 3610 1601 3689 oriri,

433 3736 539 3779 seeum
569 3737 629 3778 non
661 3714 825 3799 reputavit.
866 3715 992 3797 Epicuri
1015 3715 1127 3797 dogma
1151 3714 1221 3799 quis
1243 3723 1306 3787 est,
1335 3713 1412 3797 quin
1434 3709 1601 3795 agnoscat?

513 3816 556 3881 Ut
588 3814 741 3877 Charinus
764 3814 796 3878 in
821 3815 1005 3894 Mercatore,
1040 3815 1085 3878 sic
1117 3815 1150 3878 in
1174 3813 1405 3899 Amphitruone
1427 3812 1602 3876 Alcumena

434 3937 496 3980 non
518 3913 632 3978 vitavit
654 3913 864 3998 voluptatem,
895 3937 956 3998 qua
977 3923 1083 4000 postea
1105 3915 1204 3980 maior
1231 3912 1317 3978 dolor
1339 3913 1481 3977 efficitur.
1526 3913 1603 3976 Ver·

434 4015 521 4078 sibus
553 4013 639 4078 enim
664 4013 737 4077 inde
766 4015 805 4077 ab
836 4016 895 4079 633
926 4037 1023 4099 usque
1053 4015 1091 4079 ad
1115 4016 1174 4079 643
1197 4035 1302 4078 secum
1329 4013 1489 4098 queritur,
1521 4013 1602 4097 quod

433 4115 496 4195 vir,
531 4112 585 4198 qui
608 4112 811 4194 „usurar·ius“
833 4115 961 4198 quidem
984 4124 1046 4197 est,
1078 4115 1164 4179 brevi
1188 4122 1352 4200 postquam
1374 4113 1502 4179 advenit
1524 4113 1603 4177 iam-

433 4213 497 4277 iam
519 4213 648 4277 abierit:

434 4313 510 4366 Satin
530 4328 611 4382 parra
630 4329 672 4367 res
690 4320 731 4367 est
747 4315 912 4384 voluptatum
932 4316 961 4368 in
979 4317 1034 4369 vita
1052 4321 1132 4385 atque
1151 4317 1180 4368 in
1198 4319 1285 4369 aetate
1303 4315 1418 4382 agunda,

433 4399 581 4468 Praequam
601 4400 671 4468 quod
693 4400 880 4454 molestumst?
897 4402 936 4454 ita
950 4403 1065 4472 quoique
1087 4405 1296 4472 comparatumst
1313 4403 1342 4454 in
1354 4405 1440 4454 aetate
1452 4401 1602 4454 hominum:
1683 4407 1685 4413 '

431 4486 472 4538 Ita
491 4485 559 4539 diris
579 4489 619 4538 est
638 4486 774 4555 placitum,
793 4488 956 4556 voluptatem
975 4495 1006 4542 ut
1024 4505 1127 4542 maeror
1146 4503 1233 4543 comes
1253 4495 1444 4556 consequatur:
