4075 5717
820 632 1026 695 -492

374 812 375 816 ’
421 814 566 878 conferas
589 810 731 875 Pseudol.
754 834 783 877 v.
806 814 876 878 390.
924 809 1097 875 Pseudolus
1118 810 1297 876 Calidorum
1326 810 1506 891 „hominem

334 922 484 993 astutum,
518 914 660 988 doctum,
696 921 822 976 cautum
854 921 886 976 et
919 911 1086 987 callidum,
1127 912 1181 995 qui
1213 912 1367 997 imperata
1398 913 1507 977 effecta

334 1015 459 1092 reddat,
491 1034 552 1078 non
574 1012 628 1097 qui
661 1012 795 1094 vigilans
817 1011 980 1093 dormiat,“
1013 1011 1075 1075 sibi
1103 1012 1256 1077 adducere
1279 1013 1386 1093 iubet,
1418 1014 1507 1078 cuius

293 1171 298 1183 ,
334 1114 454 1178 auxilio
462 1113 637 1177 Ballionem
658 1113 803 1177 lenonem
820 1113 962 1197 decipere
975 1112 1081 1197 possit.
1125 1113 1163 1176 Ei
1175 1113 1350 1178 Callidorus
1362 1113 1505 1199 opponit:

439 1213 520 1266 Pauci
540 1229 572 1266 ex
592 1211 681 1264 multis
701 1216 763 1264 sunt
782 1213 868 1276 amici,
888 1211 988 1265 homiui
1007 1212 1053 1279 qui
1073 1213 1137 1264 certi
1156 1213 1234 1266 sient.

351 1297 404 1352 Pr:
440 1300 496 1368 Ego
516 1300 570 1352 scio
590 1299 674 1351 istuc:
694 1314 755 1365 ergo
776 1303 917 1367 utrumque
936 1298 985 1350 tibi
1005 1314 1078 1350 nuno
1097 1297 1222 1351 dilectum
1241 1315 1307 1368 para

439 1388 526 1454 Atque
546 1401 578 1437 ex
597 1384 687 1437 multis
707 1385 816 1452 exquire
834 1384 888 1436 illis
907 1400 988 1437 unum
1009 1384 1055 1452 qui
1074 1388 1162 1437 certus
1181 1385 1240 1438 siet.

335 1474 430 1538 Porro
452 1471 632 1537 Trinummi
653 1493 682 1534 v.
702 1471 762 1534 617
786 1469 942 1535 Stasimus
964 1470 1136 1534 exclamat:

439 1570 459 1624 0
479 1586 523 1624 ere
541 1569 703 1636 Charmidea,
723 1585 800 1638 quom
821 1570 926 1638 apsenti
946 1568 989 1622 bic
1006 1572 1055 1621 tua
1073 1584 1115 1621 res
1134 1567 1291 1621 distrahitur
1309 1568 1368 1634 tibi,

438 1657 544 1728 Utinam
564 1660 590 1709 te
610 1657 711 1709 redisse
730 1656 829 1709 salvom
848 1657 961 1721 videam,
979 1661 1010 1712 ut
1028 1655 1150 1708 inimicos
1169 1658 1230 1707 tuos

437 1743 586 1797 Ulsciscare
606 1747 631 1796 et
650 1742 722 1808 mihi,
741 1746 771 1795 ut
790 1757 852 1809 erga
871 1745 897 1794 te
915 1741 954 1794 fui
974 1745 1000 1794 et
1019 1757 1088 1807 sum,
1107 1740 1207 1793 referas
1225 1741 1364 1808 gratiam..

439 1830 555 1883 Nimium
575 1829 709 1882 difficilest
727 1829 837 1896 reperiri
857 1829 971 1882 amicum
990 1829 1028 1881 ita
1045 1833 1077 1880 ut
1095 1843 1192 1881 nomen
1210 1825 1290 1893 cluet,

441 1916 508 1980 Quoi
529 1920 600 1969 tuam
622 1932 700 1985 quom
719 1932 772 1968 rem
793 1915 945 1981 credideris
965 1915 1023 1970 sine
1042 1916 1114 1968 omni
1133 1930 1196 1968 cura
1216 1913 1339 1967 dormias.

333 2002 465 2088 Saepius
495 2002 579 2087 apud
600 2003 746 2066 Plautum
779 2022 872 2065 verus
901 2001 1022 2066 amicus
1051 2001 1127 2066 falso
1157 1999 1333 2085 opponitur.

416 2101 546 2167 Casinate
567 2124 596 2166 v.
621 2103 680 2166 615
711 2101 897 2185 Lysidamus
931 2109 1097 2185 postquam
1128 2100 1266 2165 amicum
1299 2099 1508 2198 vituperavit,

334 2202 416 2285 quod
440 2223 569 2266 uxorem
590 2201 628 2265 ad
652 2223 684 2265 se
707 2223 768 2266 non
791 2201 931 2282 miserit,
961 2201 1070 2266 statim
1103 2221 1174 2265 oum
1207 2199 1263 2264 illo
1285 2221 1318 2263 se
1340 2222 1408 2265 eam
1432 2201 1509 2271 mis·

333 2322 444 2365 surum
467 2321 534 2364 esse
556 2301 751 2385 promiserit:
1177 2368 1180 2373 ,

441 2410 518 2462 Nunc
537 2414 576 2475 tu,
602 2402 715 2487 inquit,
743 2411 806 2463 mihi
826 2412 927 2464 amicus
949 2425 976 2464 es
996 2412 1024 2463 in
1043 2427 1196 2479 germanum
1216 2409 1361 2478 modum.¹)

332 2510 513 2575 Trinummi
537 2532 566 2574 v.
590 2509 631 2572 90
651 2508 795 2574 Callicles
815 2517 960 2594 quattuor
991 2508 1164 2573 amicorum
1187 2528 1300 2590 genera
1321 2506 1507 2589 distinguit:

330 2610 469 2696 primum
487 2609 603 2673 amicos
619 2629 715 2686 veros,
739 2609 851 2673 deinde
866 2610 983 2673 amicos
1003 2630 1079 2693 quos
1098 2608 1268 2687 existimat,
1291 2615 1357 2671 tum
1378 2606 1508 2704 amicae,

331 2711 386 2794 qui
409 2709 504 2774 amici
521 2718 627 2773 utrum
647 2708 711 2772 sint
731 2731 771 2772 an
794 2709 915 2774 inimici
933 2732 992 2775 non
1017 2717 1118 2794 potest
1134 2708 1318 2789 discernere,
1349 2714 1505 2793 postremo

330 2810 469 2875 amioum
497 2808 723 2873 certissimum:

436 2909 528 2962 Haben
547 2913 577 2960 tu
596 2910 708 2962 amicum
729 2913 775 2962 aut
793 2910 951 2963 familiarem
971 2909 1131 2978 qnempiam,

437 3001 504 3064 Quoi
523 3005 616 3070 pectus
636 3001 726 3070 sapit?
761 2996 883 3079 quaerit
904 2994 1137 3079 Megaronid083

440 3100 550 3170 Edepol,
575 3095 739 3180 respondet
756 3095 909 3174 Callicles,
937 3103 1007 3159 haud
1027 3102 1112 3155 dicam
1133 3101 1209 3154 dolo:

439 3192 507 3245 Sunt
526 3210 592 3262 quos
611 3196 665 3248 scio
685 3211 743 3247 esse
763 3196 870 3261 amicos,
889 3199 952 3247 sunt
971 3211 1037 3263 quos
1057 3195 1187 3262 suspicor,

440 3279 508 3332 Sunt
526 3297 636 3348 quorum
657 3282 764 3349 ingenia
784 3285 863 3349 atque
882 3282 984 3334 animos
1003 3297 1107 3350 nequeo
1127 3296 1245 3344 noscere,

439 3365 479 3417 Ad
499 3367 576 3418 amici
595 3361 697 3434 partem
716 3384 750 3420 an
770 3367 802 3420 ad
823 3368 922 3420 inimici
944 3371 1103 3435 pervenant:

438 3451 489 3503 Sed
508 3455 698 3506 mairanicis
718 3455 796 3507 certis
816 3455 879 3506 mihi
898 3453 920 3506 's
939 3455 1111 3507 certissimus.

418 3537 553 3601 Multum
573 3540 610 3602 de
627 3540 715 3604 falsis
731 3541 842 3605 amicis
858 3540 1119 3625 philosophantur
1136 3539 1325 3604 Pistoclerus
1346 3545 1378 3601 et
1392 3537 1506 3601 Mnesi-

334 3636 442 3701 lochus
464 3638 610 3704 Bacchid.
632 3662 661 3704 v.
685 3641 747 3706 540
768 3661 831 3725 sq:

438 3737 514 3789 Multi
534 3755 604 3792 more
623 3740 674 3793 isto
695 3744 775 3809 atque
795 3739 914 3808 exemplo
933 3741 1034 3806 vivont,
1054 3756 1120 3808 quos
1141 3755 1219 3807 quom
1239 3753 1348 3792 censeas

438 3822 503 3875 Esse
523 3825 628 3892 amicos,
648 3827 816 3895 reperiuntur
834 3825 895 3878 falsi
914 3826 1081 3891 falsimoniis,

439 3909 542 3978 Lingua
560 3911 674 3978 factiosi,
693 3914 791 3966 inertes
810 3930 900 3981 opera,
919 3913 1038 3966 sublesta
1056 3912 1117 3964 fide.

439 3995 534 4049 Nullus
554 4002 602 4063 est,
622 4000 684 4066 quoi
703 4016 756 4052 nou
775 4000 912 4053 invideant
931 4018 984 4053 rem
1005 4000 1148 4053 secundam
1168 3999 1318 4067 optingere.

353 4079 413 4133 ltu:
442 4082 541 4152 Edepol
561 4101 594 4137 ne
614 4088 643 4136 tu
661 4086 765 4138 illorum
785 4103 870 4139 mores
889 4104 1015 4156 perquam
1036 4087 1162 4139 meditate
1180 4090 1264 4138 tenes.

440 4169 491 4221 Sed
509 4171 587 4223 etiam
607 4189 688 4224 unum
709 4172 772 4225 hoc:
802 4189 834 4224 ex
853 4174 960 4241 ingenio
980 4174 1049 4226 malo
1069 4173 1166 4225 malum
1186 4172 1328 4224 inveniunt
1348 4185 1411 4221 suo:

440 4255 512 4308 Nulli
531 4258 608 4310 amici
628 4262 699 4325 sunt,
719 4259 839 4311 inimicos
859 4261 910 4328 ipsi
930 4260 958 4311 in
977 4276 1036 4312 sese
1055 4261 1140 4312 omnis
1158 4259 1266 4311 habent.

337 4385 532 4394 ——-—

407 4466 432 4533 l)
452 4466 490 4519 Gi.
511 4468 634 4521 Bacchid.
655 4487 677 4520 v.
697 4467 748 4521 384
768 4469 839 4538 (pag.
857 4469 912 4535 47).
