4075 5717
999 691 1205 757 ..33-

520 892 632 950 ιονρας
651 864 820 950 ὁμολόγει·
842 873 878 931 τί
894 869 926 932 δ’
947 869 1006 934 ον’νι
1030 871 1164 952 ἔμελλεν
1185 870 1284 943 αὐτὸς
1314 867 1401 932 οὕτω
1423 874 1580 952 σπαργῶν
1603 896 1694 952 περι-

521 973 631 1052 μανῶς
660 969 716 1036 καὶ
749 968 929 1052 σφαδᾴζων·
962 972 1044 1052 πρὸς
1075 971 1182 1047 δόξαν
1212 967 1300 1034 ὥστε
1330 1018 1436 1036 ......
1468 972 1621 1054 γράφειν,
1653 975 1695 1047 τίς

522 1053 680 1152 Κωλώτης
717 1073 779 1150 μὲν
809 1067 913 1133 αὐτὸν
954 1070 1213 1153 φυσιολογοῦντα
1251 1069 1508 1153 προσκυνήσειεν
1548 1070 1695 1152 γονάτων·

522 1169 708 1258 ἑψόμενος,
724 1169 869 1256 Νεοκλῆς
890 1169 928 1232 δὲ
948 1169 966 1232 ὁ
988 1170 1133 1253 ἀδελφὸς
1149 1169 1253 1244 reddtis
1274 1172 1309 1232 ἐκ
1326 1173 1457 1234 παίδων
1471 1172 1695 1255 ἀποφαίνοιτο

523 1271 649 1353 μηδένα
673 1265 863 1350 σοφώτερον
882 1269 1071 1351 Ἑπικούρου
1093 1279 1256 1351 γεγονέναι
1275 1269 1351 1353 μηδ)
1374 1263 1468 1351 εἶναι,
1490 1272 1510 1355 η’
1532 1273 1570 1334 δὲ
1588 1270 1695 1356 μήτηρ

420 1457 422 1460 y
523 1367 667 1450 ἀτόμους
688 1370 785 1448 ἔσχεν
806 1369 842 1431 ἐν
861 1367 948 1453 αὐτῇ
967 1367 1147 1449 τοσαύτας,
1179 1361 1246 1433 οἷαι
1270 1371 1493 1436 συνελθοῦσαι
1522 1374 1630 1456 σοφὰν
1653 1370 1697 1436 dv

525 1471 722 1551 t'ra'vrqcave

606 1593 694 1670 Quod
716 1615 788 1658 eum
810 1594 878 1678 ipse
900 1594 1054 1678 Epicurus
1075 1602 1156 1658 teste
1178 1594 1344 1660 Plutarcho
1368 1617 1438 1660 cum
1462 1597 1610 1660 iactantia
1630 1618 1695 1661 me·

527 1693 705 1774 irroraverit,
726 1714 851 1759 necesse
873 1703 1016 1758 osteum
1039 1693 1121 1757 illud
1144 1694 1356 1759 contendisse:
1380 1718 1441 1761 non
1462 1705 1564 1760 aetate
1586 1718 1696 1760 verum

526 1793 652 1878 ingenio
674 1795 826 1882 apiscitur
849 1794 1011 1880 sapientia.

609 1911 698 1975 Nihil
722 1919 826 1977 autem
850 1912 887 1979 ad
910 1911 1099 1996 sapientiam
1121 1910 1304 1994 capiendam
1322 1919 1458 1976 aetatem
1478 1911 1580 1976 valere
1601 1912 1698 1977 etiam

527 2011 600 2075 inde
617 2012 728 2096 elucet,
748 2013 827 2096 quod
846 2012 1010 2096 sapientia,
1033 2011 1224 2094 simulatque
1241 2019 1331 2096 capta
1347 2021 1404 2086 est,
1427 2034 1527 2097 neque
1547 2034 1697 2099 umquam

527 2111 633 2176 amitti
655 2110 810 2197 potest‚¹)
832 2134 964 2196 neque
986 2121 1123 2177 aetate
1145 2108 1331 2193 νοητοῦ)

610 2229 702 2294 Dicet
734 2228 892 2314 quispiam
922 2228 1083 2312 Lactantio
1111 2235 1190 2291 teste
1215 2228 1334 2293 Stoicos
1363 2249 1485 2313 quoque
1517 2230 1602 2296 idem
1633 2232 1698 2295 iere

528 2320 678 2405 docuisse.
722 2329 810 2406 Quod
839 2349 1029 2413 quamquam
1059 2327 1104 2391 ita
1134 2337 1196 2407 est,
1231 2337 1337 2392 tamen
1366 2350 1422 2393 nos
1452 2329 1606 2415 impedire
1637 2352 1699 2396 non

529 2436 638 2517 potest,
662 2429 828 2516 quominus
849 2430 889 2493 ad
912 2429 1082 2514 Epicurum
1106 2449 1214 2493 versus
1232 2428 1394 2494 Plautinos
1416 2431 1597 2509 referamus,
1622 2453 1699 2516 quos
1773 2423 1775 2425 ’

528 2550 598 2608 oum
619 2526 878 2593 'antecedentibus
899 2538 965 2594 tam
989 2538 1056 2592 arte
1079 2528 1258 2593 coniunctos
1281 2528 1434 2608 videmus,
1458 2538 1492 2594 ut
1514 2532 1573 2595 duo
1597 2534 1699 2596 sontes

529 2636 665 2693 statuere
683 2629 853 2693 absurdum
877 2629 928 2693 sit.

611 2746 679 2810 Iam
709 2744 834 2813 Graecis
865 2745 963 2829 poetis
992 2744 1119 2809 comicis
1150 2744 1225 2808 haee
1254 2744 1409 2808 sententia
1442 2746 1574 2830 placuit,
1616 2723 1651 2812 ut
1684 2772 1700 2813 e

532 2844 696 2908 Menandri
718 2847 891 2927 fragmento
915 2844 974 2931 639
996 2844 1210 2927 cognoscimus
1233 2844 1330 2924 (Koclr
1356 2845 1403 2908 ΙΙΙ
1427 2867 1493 2929 pag.
1519 2849 1606 2923 1901:

739 2955 789 3033 οὔχ
808 2960 835 3012 οἱ
854 2961 946 3033 τρίχες
962 2959 1095 3013 ποιοῦσιν
1113 2961 1143 3012 αἱ
1161 2960 1258 3012 λευκαὶ
1276 2965 1402 3030 φρονεῖν,

688 3078 691 3084 -
738 3039 829 3098 ἄλλ’ίῖ
852 3040 953 3119 τρόπος
971 3042 1054 3099 ἐνίων
1072 3042 1130 3098 ἐστὶ
1149 3045 1182 3120 τῇ
1203 3039 1286 3112 φύσει
1306 3043 1405 3118 γέρων.

614 3151 772 3236 Sequitur,
796 3161 832 3214 ut
853 3151 891 3215 de
914 3151 1112 3215 Curculionis
1136 3174 1164 3214 v.
1188 3150 1227 3214 23
1250 3171 1295 3234 sq.
1318 3150 1538 3235 disceptemus

634 3258 767 3326 Numquid
787 3262 825 3326 tu,
844 3251 966 3336 quaerit
987 3251 1157 3315 Palinurus
1180 3273 1219 3315 ex
1242 3250 1367 3315 domino
1389 3251 1591 3334 Phaedromo,

846 3351 916 3419 quod
935 3355 961 3403 te
982 3355 1029 3403 aut
1047 3365 1143 3418 genere
1161 3350 1300 3417 indignum
1321 3351 1357 3402 sit
1372 3355 1427 3417 tuo,

635 3437 711 3491 Facis
731 3442 778 3491 aut
797 3439 917 3507 inceptas
936 3438 1041 3491 facinus
1060 3437 1156 3502 facere,
1174 3435 1359 3488 Phaedrome?

635 3524 705 3576 Num
724 3529 753 3578 tu
773 3524 885 3593 pudicae
905 3525 1040 3592 quoipiam
1060 3524 1172 3577 insidias
1191 3522 1263 3575 locas

635 3618 690 3669 Aut
708 3633 785 3685 quam
804 3617 927 3685 pudicam
947 3632 1005 3670 esse
1025 3615 1150 3685 oportet?
1168 3616 1282 3681 Nemini,
1301 3610 1513 3675 Phaedromus
1527 3614 1700 3696 respondet,

635 3707 690 3760 Nec
709 3725 749 3761 me
768 3708 812 3760 ille
832 3709 890 3761 sirit
908 3709 1036 3777 Iuppiter.

632 3794 713 3858 Tum
739 3794 923 3860 Palinurus:
950 3804 1006 3871 Ego
1026 3804 1089 3856 item
1108 3803 1182 3857 volo:

636 3894 677 3955 Ita
695 3900 767 3950 tuom
787 3896 905 3949 conferto
925 3914 1012 3951 amare
1032 3915 1144 3968 semper,
1162 3901 1184 3952 si
1203 3900 1285 3968 sapie,

636 3980 675 4032 Ne
694 3981 720 4033 id
741 3983 809 4050 quod
831 4000 910 4047 ames,
930 3985 1045 4054 populus
1065 3987 1087 4039 si
1107 3987 1184 4051 sciat,
1202 3987 1250 4039 tibi
1270 3986 1305 4038 sit
1323 3987 1429 4054 probro.

638 4067 747 4135 Semper
766 4073 866 4135 curato,
884 4087 918 4122 ne
937 4072 973 4123 sis
992 4072 1163 4125 intestabilis.

549 4149 608 4205 Ph:
636 4153 704 4215 Quid
723 4155 795 4206 istud
815 4162 855 4208 est
874 4156 967 4209 verbi?
1003 4155 1059 4210 Pe:
1088 4157 1170 4211 Caute
1190 4163 1220 4210 ut
1238 4158 1346 4211 incedas
1366 4159 1422 4210 via:

638 4239 713 4301 Quod
733 4257 805 4294 amas
825 4247 913 4296 amato
933 4245 1048 4296 testibus
1067 4246 1261 4313 praesentibus.

604 4440 630 4507 r)
649 4440 688 4494 of.
707 4426 783 4509 nug.
801 4443 830 4496 n.
849 4443 876 4495 x
897 4443 954 4496 na.

604 4528 632 4594 a)
651 4528 689 4582 cr.
708 4530 783 4597 mog.
800 4531 829 4583 n.
848 4530 874 4583 x
895 4530 951 4583 rae.
973 4531 1030 4583 145.
