4075 5717
978 704 1184 767 „58-

497 905 527 950 v.
541 885 619 949 640:
655 889 689 942 Et
707 906 756 958 ego
775 891 871 943 amoris
893 890 1058 958 aliquantum
1078 888 1163 940 habeo
1181 887 1333 953 umorisque
1353 880 1479 935 etiamid
1498 896 1617 953 corpore.

582 983 800 1048 Confirmatius
822 1004 894 1047 vero
912 982 1203 1067 Peripleoomennm
1225 977 1359 1042 alterum
1382 975 1583 1062 Aristippum
1603 995 1673 1039 esse

499 1084 588 1149 uobis
602 1083 858 1169 persuadebimus
871 1083 954 1147 vitae
965 1081 1101 1146 rationes
1120 1088 1151 1143 et
1165 1099 1266 1144 mores
1277 1077 1441 1161 utriusque
1455 1073 1670 1160 contemplati.

579 1182 744 1247 Summum
777 1183 892 1246 bonum
921 1182 1078 1264 finemque
1112 1179 1195 1244 vitae
1225 1188 1262 1242 nt
1294 1185 1401 1263 postea
1424 1175 1579 1262 Epicurus
1605 1174 1673 1241 iam

498 1282 681 1367 Aristippus
703 1282 896 1365 voluptatem
926 1281 1082 1345 statuebat
1106 1287 1137 1342 et
1169 1277 1396 1342 beatitudinem
1418 1275 1556 1340 hominis
1578 1274 1611 1339 in
1635 1295 1673 1339 ea

499 1402 566 1446 esse
587 1382 721 1466 positam
742 1381 950 1445 existimabat.

580 1481 625 1545 Cf.
648 1480 738 1563 Diog.
759 1481 792 1544 L.
806 1480 837 1543 II
852 1481 910 1545 87:
932 1478 1054 1564 ἡδονήν
1076 1485 1188 1558 μέντοι
1207 1479 1268 1560 τήν
1289 1477 1348 1539 τοῦ
1367 1473 1528 1556 σώματος,
1550 1471 1591 1558 ἣν
1613 1474 1672 1537 καὶ

498 1579 587 1652 τέλος
609 1570 693 1642 εἶναι

581 1679 737 1744 Athenaei
758 1680 820 1744 XII
842 1681 948 1745 adea:
976 1679 1213 1761 (Ἀρίστιππος)
1235 1677 1487 1757 ἀποδεξάμενος
1508 1676 1570 1760 τήν
1591 1675 1672 1759 ἠδυ-

499 1778 649 1843 πάθειαυ
669 1775 793 1862 ταύτην
814 1779 903 1852 τέλος
925 1769 1010 1841 εἶναι
1032 1780 1095 1861 ἔφη
1117 1779 1172 1842 καὶ
1201 1779 1237 1840 έν
1265 1777 1349 1862 αὐτῇ
1368 1779 1429 1861 τήν
1456 1776 1672 1858 εὐδαιμονίαι·

496 1879 693 1963 βεβλῆσθαι.
1091 1868 1094 1873 ’

581 1979 726 2045 Socratis.
749 2001 796 2065 ep.
818 1980 896 2045 XIII
917 1982 937 2044 2
959 1979 1157 2066 (Aristippus
1180 1978 1333 2060 Simoni):
1368 1977 1488 2043 σκόπει
1507 1967 1566 2071 οὖν
1588 1976 1672 2042 ὀπό-

499 2099 559 2144 σον
581 2097 632 2142 σοι
653 2079 715 2159 ἐγιδ
737 2078 829 2161 φίλος
842 2079 869 2167 vo‘
892 2076 1068 2163 ῥᾳστώναυ
1089 2079 1144 2142 καὶ
1165 2079 1228 2143 ταν
1249 2079 1377 2142 αδονᾰν
1397 2077 1654 2160 ἀποδεχόμενος.

582 2179 728 2244 Socratio.
752 2201 799 2264 ep.
826 2180 902 2243 VIII
924 2179 1146 2259 (Antisthenes
1170 2179 1361 2266 Aristippo):
1399 2176 1429 2241 εἰ
1449 2177 1489 2258 δ’,
1514 2175 1557 2253 ὥς
1585 2184 1674 2261 φασί

498 2303 597 2358 τινες,
627 2279 749 2364 ἡδονήν
775 2282 957 2359 θαυμάζεις
984 2279 1039 2341 καὶ
1069 2276 1194 2344 τούτων
1223 2278 1343 2363 ἀντέχῃ
1375 2265 1422 2341 οἷν
1443 2279 1489 2362 μή
1512 2275 1674 2362 προσήκει

498 2380 573 2451 τοδς
595 2384 771 2461 φρονίμους
791 2377 1005 2459 αὐθροίπους,
1038 2375 1142 2443 ἄπιθι
1164 2378 1209 2452 εἰς
1230 2381 1412 2460 Ἀντίκυραν
1433 2377 1487 2440 καὶ
1507 2375 1673 2462 ω’φελήσει

500 2496 538 2541 σε
560 2479 579 2541 o‘
600 2478 766 2560 ἐλλέβορος
784 2478 905 2552 ποθεὶς
927 2476 1041 2552 πολιίς.

582 2580 794 2663 Unaquaeque
816 2586 922 2643 autem
943 2580 1087 2664 voluptas
1110 2580 1139 2643 ei
1159 2580 1273 2644 bonum
1289 2578 1455 2642 videbatur
1471 2599 1572 2663 neque
1588 2577 1671 2643 inter

500 2699 552 2744 eas
574 2678 677 2742 ullum
699 2700 766 2743 esse
789 2679 968 2744 discrimen.
1597 2678 1601 2683 ’

585 2780 630 2843 Cf.
653 2778 741 2861 Diog.
765 2779 798 2841 L.
820 2780 851 2843 II
873 2781 930 2844 88:
962 2779 1007 2862 μή
1030 2778 1198 2859 διαφέρειν
1221 2800 1256 2839 τε
1279 2777 1550 2863 ἠδονήιιήδονῆς.

500 2879 610 2963 Itaque
631 2878 718 2942 nulla
741 2878 900 2962 voluptate
919 2879 1106 2957 abstinebat,
1128 2879 1182 2943 sed
1205 2878 1350 2943 omnibus
1371 2900 1404 2943 se
1427 2879 1559 2945 dedebat
1576 2887 1671 2964 atque

498 2999 621 3042 summo
643 2999 734 3063 opere
757 2977 790 3041 id
811 2979 972 3059 studebat,
996 2987 1144 3063 utquam
1167 2979 1353 3043 suavissime
1375 2979 1505 3044 viveret.

580 3078 674 3163 Apud
693 3078 930 3163 Xenophontem
952 3079 1119 3144 Memorab.
1140 3079 1171 3142 II
1186 3080 1243 3161 I‚9
1264 3079 1330 3164 ipse
1350 3078 1446 3144 dioit:
1470 3075 1616 3160 ε’μαυτοίΙ
1636 3100 1670 3159 γε

498 3184 610 3258 μέντοι
621 3174 731 3240 adara
743 3176 787 3250 είς
798 3178 872 3251 τούς
883 3177 1098 3258 βουλομένους
1108 3165 1128 3261 ᾖ
1138 3176 1248 3259 ῥᾷστα
1258 3201 1294 3239 τε
1305 3178 1358 3240 καὶ
1369 3175 1491 3262 ἥδιστα
1500 3181 1669 3261 βιοτεύειν.

580 3275 701 3341 Deinde
732 3280 770 3342 of.
799 3277 945 3342 Socratio.
975 3299 1023 3363 ep.
1053 3278 1114 3342 XII
1146 3277 1269 3359 (Simon
1299 3277 1494 3365 Aristippo):
1541 3279 1604 3360 e’yrd
1633 3278 1671 3341 δὲ

498 3375 642 3456 ὁμολογῶ
664 3367 748 3438 εἶναι
771 3377 968 3456 σκυτοτόμος
989 3377 1044 3439 καὶ
1067 3375 1264 3458 ἐργάζεσθαι
1284 3382 1432 3459 τοιαῦτα,
1455 3379 1509 3441 καὶ
1533 3379 1670 3459 ἕτοιμος,

500 3474 530 3537 εί
560 3474 644 3554 δέοι,
685 3475 786 3557 σκύτη
819 3485 948 3557 τέμνειν
979 3466 1026 3540 eri
1058 3474 1160 3539 πάλιν
1192 3475 1237 3550 είς
1269 3482 1451 3542 νουθεσίαν
1479 3475 1671 3560 ἀνθρώπων

498 3573 653 3658 οἰφρόνοιυ
672 3576 726 3637 καὶ
754 3573 837 3638 οὕτω
859 3575 944 3657 μεταλ
968 3577 1089 3661 πολλῆς
1109 3577 1220 3664 χλιδῆς
1240 3577 1396 3659 οἰομένων
1419 3580 1474 3663 ζῆν
1496 3583 1589 3660 παραὶ
1610 3580 1671 3661 τήν

498 3674 688 3754 Σωκράτους
709 3675 840 3762 βουλήν.

583 3775 690 3840 Simili
709 3777 799 3841 modo
820 3779 1094 3864 Periplecomenus
1127 3799 1248 3863 quoque
1276 3800 1448 3863 numquam
1471 3797 1572 3861 neque
1594 3775 1670 3841 adu·
1719 3821 1721 3826 ·

499 3875 619 3940 lesoens
647 3898 748 3961 neque
771 3878 820 3941 vir
841 3899 941 3962 neque
961 3900 1056 3942 senex
1077 3878 1176 3942 alium
1201 3879 1284 3942 vitae
1307 3880 1400 3944 tinem
1423 3879 1483 3943 sibi
1510 3876 1672 3965 proposuit

498 3998 535 4040 ao
556 3997 679 4060 semper
709 3977 868 4061 voluptate
897 3978 958 4041 frui
982 3988 1012 4042 et
1041 3979 1076 4042 in
1106 3999 1200 4063 quam
1224 3979 1373 4044 maximis
1401 3979 1507 4043 vivere
1537 3978 1670 4058 deliciis,

499 4076 579 4159 quod
607 4097 679 4139 oum
705 4098 742 4141 ex
772 4078 918 4142 omnibus
950 4079 1017 4142 eius
1049 4079 1245 4144 sermonibus
1268 4089 1337 4144 tum
1359 4103 1375 4145 e
1402 4081 1545 4146 versibus
1569 4081 1671 4145 elucet

499 4177 558 4240 641
582 4185 613 4241 et
635 4178 705 4242 706.

534 4274 688 4344 Nequedum
709 4276 801 4328 exarui
824 4293 856 4328 ex
875 4279 993 4331 amoenis
1014 4281 1092 4334 rebus
1113 4286 1139 4333 et
1157 4282 1323 4351 voluptarir's.
1347 4281 1421 4348 (641)

535 4363 613 4417 Nune
630 4365 696 4416 bene
715 4364 774 4415 vivo
801 4368 827 4416 et
846 4364 979 4418 fortunate
999 4371 1079 4435 atque
1098 4374 1127 4420 nt
1146 4368 1205 4422 volo
1225 4374 1304 4437 atque
1323 4369 1410 4421 animo
1427 4372 1457 4421 nt
1475 4368 1557 4421 lubet.
1577 4366 1652 4434 (706)

581 4452 619 4516 Et
643 4451 717 4516 haee
740 4452 867 4535 quidem
892 4454 923 4517 in
946 4455 1128 4518 universnm
1150 4455 1188 4519 de
1202 4455 1359 4519 communi
1376 4476 1482 4519 eornm
1499 4454 1669 4539 voluptatis

391 4605 394 4612 .
500 4554 604 4617 studio
626 4554 708 4617 diota
731 4554 804 4618 sint.
848 4555 955 4630 Quid?
992 4555 1197 4638 quodetiam
1227 4554 1260 4617 in
1289 4554 1669 4639 siugulisvoluptatibus‚
