4075 5717
915 695 1123 758 ..24-

432 876 503 940 Quin
521 877 680 930 incommodi
699 876 760 945 plns
779 876 893 944 malique
912 874 973 928 ilioo
992 873 1072 937 adsit,
1090 873 1152 925 boni
1172 873 1195 924 si
1213 873 1310 940 optigit
1329 874 1401 942 quid,

431 964 499 1017 Nam
517 979 566 1032 ego
585 963 612 1015 id
631 979 702 1017 nuno
720 963 842 1032 experior
860 962 937 1014 domo
956 967 1036 1029 atque
1053 960 1111 1028 ipsa
1131 959 1163 1011 de
1183 977 1223 1012 me
1242 960 1306 1024 seio,
1324 962 1386 1028 quoi
1406 961 1529 1031 voluptas

432 1050 578 1118 Parumper
596 1050 694 1116 datast,
714 1050 775 1102 dum
797 1049 847 1101 viri
867 1049 917 1101 mei
937 1046 1000 1100 mibi
1019 1052 1139 1115 potestas
1159 1047 1266 1098 ridendi
1285 1046 1337 1100 fuit

432 1136 542 1189 Noctem
560 1153 640 1189 unam
659 1135 752 1189 modo:
771 1139 851 1203 atque
868 1135 892 1187 is
910 1140 1020 1202 repente
1038 1133 1104 1185 abiit
1123 1150 1139 1185 a
1158 1149 1198 1185 me
1218 1133 1280 1186 hine
1297 1139 1359 1186 ante
1378 1135 1471 1189 lucem.

434 1222 496 1276 Sola
510 1222 553 1275 hio
565 1222 630 1274 mihi
641 1237 714 1274 nuno
726 1221 825 1287 videor,
844 1222 907 1289 quia
921 1220 966 1272 ille
984 1220 1046 1273 irinc
1062 1221 1146 1279 abest,
1165 1232 1242 1288 quem
1260 1236 1308 1287 ego
1318 1238 1377 1274 amo
1388 1228 1608 1290 praeteromnes.

433 1309 498 1361 Plus
516 1309 589 1376 aegri
607 1323 639 1360 ex
659 1308 734 1360 abitu
752 1307 801 1359 viri
820 1323 899 1375 quam
918 1322 951 1358 ex
969 1306 1086 1358 adventu
1105 1306 1249 1373 voluptatis
1268 1308 1335 1376 cepi.

434 1395 533 1459 Nemo
562 1402 668 1459 autem
690 1392 834 1477 magistri
865 1393 903 1457 de
925 1393 1085 1478 voluptate
1109 1401 1140 1456 et
1168 1393 1271 1457 dolore
1293 1403 1376 1459 recte
1399 1396 1611 1464 aestimandis

436 1501 599 1579 praecepta
621 1493 796 1558 accuratius
818 1493 960 1557 observat
983 1514 1077 1576 quam
1091 1493 1245 1576 Lysiteles
1267 1494 1300 1559 in
1322 1496 1517 1576 Trinummo,
1545 1521 1612 1583 quo

436 1593 699 1679 obtemperantior
721 1592 893 1677 discipulus
912 1593 965 1656 vix
988 1599 1090 1677 potest
1111 1594 1250 1676 eogitari.

500 1694 566 1759 uf.
589 1716 619 1759 u.
642 1692 702 1757 223
724 1713 769 1776 sq.

645 1791 746 1845 Multas
764 1808 805 1845 res
825 1792 915 1845 simitu
934 1793 961 1843 in
981 1807 1038 1844 meo
1058 1791 1136 1844 eorde
1155 1808 1241 1859 vorso,

645 1879 758 1932 Multum
777 1879 806 1931 in
824 1878 965 1946 cogitando
985 1878 1101 1931 dolorem
1121 1879 1275 1947 indipisces.

646 1966 757 2034 Egomet
774 1982 816 2018 me
834 1981 918 2034 eoquo
939 1969 966 2017 et
983 1981 1087 2019 macero
1105 1971 1132 2018 et
1150 1966 1279 2034 deletigo:

646 2053 772 2120 Magister
790 2052 855 2104 mihi
874 2052 1004 2105 exereitor
1025 2053 1128 2104 animus
1147 2069 1219 2106 nune
1238 2058 1286 2106 est

649 2138 701 2191 Sed
720 2139 770 2192 hoe
788 2155 843 2191 non
861 2139 945 2207 liquet
962 2154 1049 2207 nequo
1068 2141 1134 2192 satis
1153 2141 1332 2207 cogitatumst,

648 2225 738 2277 Utram
758 2225 848 2293 potius
867 2224 959 2277 harum
979 2225 1043 2277 milri
1062 2231 1144 2278 artem
1164 2234 1339 2293 expetessam,

649 2311 740 2365 Utrum
760 2312 842 2364 aetati
861 2312 983 2379 agundae
1002 2312 1115 2365 arbitrer
1133 2311 1288 2366 firmiorem:

648 2399 759 2452 Amorin
777 2398 836 2451 med
856 2415 890 2451 an
909 2399 947 2451 rei
966 2399 1076 2467 obsequi
1096 2400 1186 2467 potins
1205 2416 1253 2467 par
1271 2401 1315 2452 sit.

649 2485 714 2538 Utra
732 2487 762 2538 in
781 2489 856 2553 parte
875 2484 935 2553 plus
955 2484 990 2537 sit
1008 2485 1154 2553 voluptatis
1172 2486 1242 2538 ritae

651 2572 691 2624 Ad
711 2575 823 2624 aetatem
841 2570 981 2638 agundam.

443 2659 521 2723 Eooe
549 2680 695 2741 magnam
715 2659 795 2722 hano
817 2657 1041 2741 quaestionem,
1076 2667 1177 2721 utram
1201 2657 1284 2723 vitae
1304 2660 1457 2724 rationem
1487 2661 1619 2746 deligat,

446 2759 598 2842 Lysiteles
620 2780 656 2822 ea
673 2766 794 2822 tantum
812 2757 850 2821 de
866 2779 957 2822 eausa
974 2759 1036 2822 sibi
1051 2759 1203 2843 proponit,
1228 2759 1308 2842 quod
1332 2781 1426 2844 quam
1442 2761 1618 2826 maximam

445 2858 616 2943 voluptatis
639 2858 759 2943 sopiam
782 2859 907 2942 assequi
928 2858 1006 2922 vult.
1052 2859 1133 2936 Quid
1154 2868 1260 2924 autem
1277 2859 1465 2925 constituit?

515 2958 552 3010 De
571 2958 620 3010 hae
638 2974 666 3009 re
684 2957 749 3009 mihi
768 2959 833 3010 satis
850 2958 903 3011 hau
920 2958 1018 3027 liquet:
1043 2960 1095 3011 nisi
1115 2959 1166 3011 hoo
1185 2960 1222 3011 sie
1241 2959 1345 3025 faciam,
1364 2961 1467 3029 opinor,

515 3043 550 3096 Ut
568 3049 707 3112 utramque
726 3060 779 3096 rem
798 3044 876 3096 simul
896 3049 1029 3113 exputem,
1047 3045 1127 3097 iudex
1147 3047 1195 3098 sim
1217 3063 1329 3115 reusque
1349 3047 1383 3099 ad
1402 3063 1459 3099 eam
1478 3063 1541 3099 rem.

517 3130 558 3182 Ita
576 3130 689 3194 faeiam3
707 3130 745 3182 ita
763 3130 859 3198 placet,

449 3219 496 3282 Ao
519 3238 603 3281 nune
623 3217 660 3280 de
683 3238 788 3281 amore
809 3217 1044 3303 philosophatur
1068 3217 1210 3282 versibus
1230 3218 1303 3283 inde
1324 3219 1363 3282 ab
1375 3221 1436 3284 236
1457 3240 1557 3303 usque
1580 3221 1622 3284 ad

450 3319 511 3383 269
534 3326 564 3381 et
586 3317 777 3401 voluptatem
803 3319 959 3402 quandam
981 3340 1019 3382 ex
1040 3339 1075 3382 eo
1098 3318 1166 3382 sine
1187 3319 1282 3383 dubio
1305 3340 1392 3404 posse
1414 3320 1532 3385 hauriri
1560 3322 1642 3419 etsi.

450 3441 513 3483 non
532 3425 640 3501 negat:

590 3515 753 3585 Quamquam
772 3517 838 3570 illud
858 3524 899 3571 est
917 3519 1002 3581 dulce,
1022 3536 1080 3573 esso
1099 3524 1125 3572 et
1144 3520 1233 3572 bibere
1250 3520 1285 3586 (v.
1304 3518 1375 3586 259),

451 3613 556 3669 tamen
586 3604 783 3668 incommoda
812 3605 910 3670 multo
939 3627 1006 3670 esse
1035 3608 1153 3671 maiora
1182 3606 1347 3690 intellegit.
1391 3606 1506 3671 Videas
1530 3607 1626 3674 modo

453 3704 698 3769 innumerabilia
718 3706 791 3784 fere,
814 3727 892 3789 quae
915 3707 1101 3790 investigat,
1124 3709 1223 3771 mala:

592 3805 741 3874 Numquam
762 3822 834 3858 amor
853 3823 1009 3875 quemquam
1030 3809 1082 3861 nisi
1102 3808 1226 3875 cupidum
1248 3806 1379 3859 hominem

591 3891 713 3946 Postulat
731 3908 759 3945 se
778 3893 806 3944 in
825 3892 918 3960 plagas
938 3894 1070 3947 conicere:

593 3979 645 4032 Eos
665 3979 747 4047 cupit,
767 3995 811 4032 eos
831 3985 1007 4040 consectatur,
1027 3982 1138 4035 subdole
1157 3983 1190 4032 ab
1210 3998 1237 4033 re
1257 3979 1385 4033 consulit:

594 4064 871 4134 BlandiloquentuluS,
890 4068 1016 4137 harpago,
1037 4069 1157 4133 mendax,

595 4153 710 4220 Cuppes,
729 4169 833 4218 avarus,
852 4158 968 4224 elegans,
988 4155 1158 4224 despoliator,

594 4246 819 4299 Latebrieolamm
839 4245 973 4297 hominum
993 4246 1132 4309 corruptor

596 4333 715 4386 Blandus
733 4333 820 4400 inops,
839 4331 952 4383 relatum
971 4331 1120 4394 indagator.

596 4422 662 4474 Nam
684 4421 728 4489 qui
748 4425 818 4473 amat
838 4419 907 4488 quod
928 4424 1000 4471 amat
1021 4430 1098 4484 quom
1119 4416 1250 4483 extemplo

597 4508 682 4562 Saviis
702 4507 836 4576 sagittatis
855 4506 1015 4575 perculsum,

597 4595 662 4651 Ilico
681 4611 723 4648 res
742 4594 813 4647 loras
831 4593 939 4663 labitur,
956 4595 1077 4664 liquitur.
