4075 5717
915 642 1036 738 „¹12
1081 712 1120 720 -

433 877 550 936 servus,
567 855 740 941 discipulus
752 855 891 942 Epicuri,
915 857 969 939 qui
991 879 1063 920 cum
1077 857 1203 921 omnino
1220 858 1291 922 deos
1312 855 1486 942 quidquam
1508 864 1614 927 lacere

435 965 577 1040 negaret,
618 957 705 1021 nullo
739 958 829 1022 modo
863 957 1045 1020 hominibus
1079 957 1273 1022 voluntatem
1306 983 1357 1025 eos
1389 963 1611 1029 demonstrare

433 1058 560 1122 credere
584 1064 711 1141 poterat.
1470 1111 1472 1115 .

517 1159 561 1222 uf.
586 1161 675 1240 l'rgm.
699 1158 759 1221 395
790 1157 894 1241 (lliog.
918 1159 951 1221 li.
974 1158 1003 1221 X
1027 1156 1116 1238 135):
1144 1161 1304 1242 μαιτικῆν
1335 1162 1364 1223 δ’
1393 1160 1537 1226 ἅπασαι·
1577 1167 1615 1228 ἐν

431 1254 541 1331 ἄλλοις
562 1257 701 1337 αἰάιρεῑ,
724 1258 764 1330 ὠς
785 1261 844 1318 καί
861 1257 897 1318 ἐν
918 1260 957 1337 τῇ
979 1261 1079 1338 μικρᾷ
1100 1259 1249 1344 ἐπιτομῇ.

518 1359 556 1422 ut
579 1358 695 1422 ibidem
718 1357 796 1440 (Cic.
810 1358 923 1422 dediv.
938 1355 1050 1438 1140)
1076 1358 1267 1443 (Epicurus)
1289 1363 1506 1429 circumitione
1528 1389 1614 1451 quu-

430 1460 503 1538 dam
537 1461 611 1524 deos
646 1459 770 1526 tollens*
795 1465 874 1523 recto
903 1479 967 1523 oon
993 1459 1116 1523 dubitat
1144 1461 1370 1526 diuinationem
1399 1464 1506 1529 tollore

433 1561 521 1640 illius
543 1562 625 1642 enim
648 1561 724 1623 dous
746 1559 827 1623 aiud
848 1559 966 1623 hulcus
988 1580 1043 1622 uec
1061 1562 1113 1623 sui
1127 1581 1182 1624 uec
1196 1564 1295 1626 ulieoi
1311 1567 1415 1644 καραιέ
1430 1587 1494 1630 aon
1505 1574 1615 1650 potest

432 1661 611 1743 homiuibus
633 1661 859 1724 diuinationem
882 1661 1053 1740 impertire.
1564 1672 1567 1677 '

514 1781 648 1842 Deorum
671 1786 788 1842 metum
813 1788 847 1841 ut
865 1779 997 1857 tolleret,
1022 1779 1094 1844 deos
1111 1781 1193 1864 ipsos
1214 1804 1230 1846 e
1248 1784 1364 1848 mundo
1387 1784 1515 1850 eiecisse
1532 1789 1615 1875 Epi-

432 1903 542 1954 curum
561 1881 651 1944 modo
669 1879 825 1959 vidimus3
852 1881 904 1943 sed
923 1881 960 1943 ad
981 1881 1067 1943 beate
1084 1881 1252 1945 vivendum
1271 1884 1365 1947 etiam
1383 1886 1500 1964 mortis,
1523 1893 1613 1972 quod

433 1982 471 2042 τό
495 1981 758 2062 φρικωδέστατον
771 1981 836 2042 τῶν
851 1983 958 2041 κακῶν
972 1980 1160 2064 appellabat,
1184 1992 1287 2046 metus
1302 1987 1507 2050 removendus
1529 2000 1614 2071 erat,

641 2081 762 2133 funditus
785 2081 927 2133 humanum
948 2081 992 2148 qni
1012 2082 1092 2132 vitam
1112 2083 1202 2134 turbat
1221 2083 1254 2134 ab
1274 2084 1334 2148 imo,

641 2169 730 2220 omnia
748 2167 903 2219 suffundens
925 2167 1016 2217 mortis
1038 2169 1142 2234 nigrore
1161 2185 1246 2236 neque
1266 2169 1346 2222 ullam

643 2271 701 2306 esse
721 2254 883 2321 voluptatem
904 2252 1031 2320 liquidam
1053 2270 1198 2323 puramque
1219 2256 1351 2324 relinquit.
1365 2258 1384 2324 ¹)

433 2346 532 2421 Quem
553 2343 590 2406 ad
613 2329 707 2405 finem
730 2341 867 2404 animam
892 2340 1054 2404 mortalem
1080 2341 1225 2422 reddidit,
1237 2341 1263 2423 ²)
1287 2366 1455 2427 quaecum
1478 2370 1612 2433 corpore

434 2435 477 2507 ita
494 2442 668 2523 coniuncta,
691 2449 726 2504 ut
745 2440 831 2504 nullo
853 2441 942 2504 modo
963 2440 1001 2502 ab
1018 2463 1053 2504 eo
1076 2441 1171 2525 possit
1189 2443 1297 2506 dirimi
1318 2467 1418 2528 neque
1437 2450 1610 2530 segregari,

433 2542 498 2607 lieri
523 2566 583 2607 nun
607 2551 715 2626 potest,
741 2541 817 2624 quin
841 2542 895 2605 illo
920 2540 1070 2604 dissoluto
1094 2542 1161 2626 ipsa
1184 2565 1306 2628 quoqne
1330 2547 1458 2610 occidat.

516 2645 561 2708 Cf.
586 2665 633 2727 ep.
658 2645 672 2707 l
695 2645 751 2707 65:
774 2641 827 2703 καὶ
850 2641 915 2725 μὴν
937 2641 991 2702 καὶ
1015 2641 1173 2720 λυομένου
1195 2647 1253 2707 τοῦ
1275 2640 1352 2708 ὅλου
1373 2645 1611 2727 ἀθροίσματος

432 2745 451 2830 ἡ
476 2743 565 2832 ψυχή
585 2742 816 2821 διασπείρεται
837 2741 892 2802 καὶ
915 2740 1020 2802 οὐκέτι
1044 2743 1109 2820 ἔχει
1133 2743 1191 2814 τοὶς
1220 2742 1323 2818 αὐτας
1345 2745 1501 2826 δυνάμεις
1525 2748 1610 2813 οὐδὲ
1642 2801 1645 2806 .

432 2849 576 2921 κινεῖται,
598 2839 684 2906 ὥστε
708 2841 776 2903 ou‘d'
797 2839 960 2924 αἴσθησιν
981 2850 1140 2921 κέκτηται.

516 2947 551 3009 ln
574 2952 672 3008 morte
700 2951 803 3006 autem
833 2965 903 3006 cum
926 2943 1032 3006 anima
1061 2943 1209 3024 intereat,
1240 2953 1307 3028 post
1338 2955 1467 3009 mortem
1494 2949 1608 3031 poenis

434 3069 493 3110 non
519 3045 580 3108 iam
604 3045 684 3108 allici
710 3051 826 3128 potest:
858 3064 917 3126 quo
941 3043 984 3121 dt,
1008 3051 1043 3104 ut
1063 3044 1177 3124 omnia,
1200 3066 1279 3127 quae
1301 3046 1338 3108 de
1363 3045 1472 3108 inieris
1495 3069 1607 3112 narra·

434 3147 554 3217 bantur,
577 3145 655 3208 falsa
677 3153 856 3226 essentque
877 3143 949 3206 ficta
971 3143 1166 3206 existimaret
1188 3144 1350 3228 Epicurus

516 3248 560 3310 Cf.
584 3250 672 3327 l‘rgm.
693 3249 749 3310 341
773 3245 894 3326 (Senon.
914 3242 1110 3328 ep.·24,18):
1134 3244 1206 3308 Νοιι
1227 3266 1295 3306 sum
1318 3252 1383 3308 tour
1405 3247 1543 3330 ineptus,
1570 3257 1608 3314 ut

434 3346 626 3426 Epicureum
647 3346 839 3410 cantilenam
868 3344 1007 3406 hocloco
1033 3363 1210 3426 persequar
1233 3350 1260 3407 ct
1282 3345 1387 3410 dicum
1416 3369 1513 3410 varios
1534 3370 1608 3415 esse

431 3446 609 3528 inferorum
637 3455 736 3510 uictus
768 3459 825 3510 acc·
855 3444 997 3508 Ixionem
1033 3451 1101 3507 roto
1134 3443 1215 3508 ooloi
1247 3466 1302 3508 uec
1332 3467 1447 3510 sucum
1481 3452 1607 3514 umeris

430 3546 561 3630 Sisyphi
591 3547 680 3610 trud-i
707 3549 742 3610 iu
771 3545 942 3609 adversum
973 3565 1028 3608 nec
1050 3543 1148 3607 ullius
1170 3546 1289 3609 oisccru
1318 3554 1344 3609 et
1366 3548 1489 3610 renosci
1507 3569 1609 3629 posse

432 3647 542 3710 cotidie
564 3653 590 3709 a
613 3647 713 3730 carpi.

514 3752 553 3815 Et
583 3746 701 3811 ibidem
724 3749 876 3830 (lactant.
901 3746 964 3810 div.
989 3746 1062 3809 inst.
1087 3749 1131 3811 lll
1158 3749 1202 3826 17,
1219 3750 1283 3812 425
1321 3748 1410 3812 Dicit
1439 3741 1609 3833 Epicurus

432 3852 610 3934 'inferorum
629 3870 749 3931 poenus
764 3870 827 3912 uon
844 3868 908 3911 csse
926 3848 1117 3924 metuendos,
1140 3847 1224 3927 quod
1240 3849 1366 3911 σιτίοισι
1383 3855 1455 3929 post
1473 3859 1608 3916 inertem

431 3953 573 4018 occidunt
595 3973 650 4015 uec
670 3949 730 4014 ulli
751 3950 877 4012 omiriuo
900 3948 964 4011 sint
988 3946 1095 4028 inferi.

514 4054 671 4116 Postremo
695 4058 825 4114 mortem
850 4049 967 4132 ipsam,
1001 4070 1071 4112 cum
1101 4048 1269 4111 morientes
1292 4047 1386 4111 etiam
1410 4033 1526 4113 sentire
1551 4051 1609 4114 de·

431 4153 585 4230 sinamus,
620 4151 778 4237 percipere
810 4172 869 4214 non
903 4170 1067 4234 possumus
1101 4148 1262 4211 sensibus:
1297 4169 1368 4229 ergo
1401 4148 1419 4209 d
1452 4144 1610 4224 θάνατος

431 4251 528 4315 οὐδὲν
550 4248 632 4331 πρός
657 4248 749 4334 ἡμᾶς,

503 4439 510 4487 l
547 4436 650 4487 Lucret.
670 4435 705 4487 lll
724 4435 740 4486 3
760 4475 766 4487 .

499 4437 526 4588 ‘Zl
548 4522 586 4574 Gi.
598 4522 673 4588 irgrn.
684 4521 733 4572 336
742 4437 850 4587 {Aetius
865 4521 899 4572 iu
911 4522 961 4586 ut
974 4538 998 4587 p.
1010 4520 1092 4572 3931)
1112 4526 1138 4572 et
1148 4521 1267 4573 lactant.
1282 4521 1363 4572 divin.
1374 4522 1435 4572 inst.
1447 4519 1482 4571 lll
1495 4518 1536 4582 17,
1547 4521 1607 4585 32).
