4075 5717
913 645 1120 709 ,60-

512 822 670 887 Postremo
685 822 800 900 videas,
820 844 913 906 quam
932 822 1003 887 boni
1022 824 1116 888 amici
1129 824 1351 889 Callidamates
1362 831 1394 888 et
1405 824 1604 890 Philolaches

432 921 466 984 in
477 921 667 986 Mostellaria
679 922 751 1000 sint,
769 923 852 986 inter
868 943 943 1006 quos
959 923 1011 988 vix
1028 924 1199 1009 quidquam
1216 933 1272 1002 est,
1292 924 1373 1009 quod
1391 947 1454 989 non
1471 925 1606 989 habeant

390 1092 393 1096 ,
431 1043 604 1087 commune.
648 1023 707 1087 llle
729 1024 811 1087 hunc
834 1023 915 1108 apud
939 1032 1060 1109 patrem
1083 1025 1151 1088 eius
1173 1024 1313 1089 defendit
1332 1046 1361 1088 v.
1386 1025 1469 1090 1158
1492 1047 1558 1110 rq.:

502 1122 624 1175 Omnium
643 1123 756 1191 primum
777 1123 892 1175 sodalem
912 1139 953 1176 me
972 1141 1030 1177 esse
1051 1124 1103 1177 scis
1122 1130 1203 1191 gnato
1221 1129 1277 1177 tuo.

502 1210 528 1262 ls
547 1208 603 1261 adit
621 1225 677 1261 me:
696 1225 757 1261 nam
778 1209 850 1261 illum
871 1210 976 1278 prodire
996 1209 1079 1280 pudet
1099 1211 1317 1278 inconspectum
1338 1216 1410 1264 tuom

501 1296 670 1365 Propterea,
690 1312 757 1363 quae
776 1297 847 1359 lecit,
868 1312 945 1364 quom
965 1301 991 1348 te
1010 1298 1078 1350 scire
1094 1298 1152 1349 scit.
1180 1313 1252 1350 nunc
1270 1303 1296 1350 te
1316 1298 1435 1362 obsecro,

501 1381 636 1436 Stultitiae
655 1383 904 1451 adulescentiaeque
923 1384 980 1436 eius
1000 1384 1139 1451 ignoscas:
1165 1388 1245 1436 tuost.

500 1469 558 1522 Seis
577 1469 661 1522 solere
681 1469 762 1522 illanc
780 1473 892 1522 aetatem
914 1470 960 1522 tali
980 1470 1044 1524 ludo
1063 1471 1162 1524 ludere.

502 1554 632 1623 Quicquid
652 1554 722 1619 iecit,
741 1556 878 1608 nobiscum
898 1573 951 1608 una
970 1556 1046 1609 iecit:
1073 1574 1121 1610 nos
1140 1557 1308 1626 deliquimus.

499 1641 612 1708 Faenus,
637 1646 733 1693 sortem
753 1647 940 1710 sumptumque
959 1658 1071 1709 omnem,
1091 1645 1136 1712 qui
1153 1645 1237 1696 amica
1256 1649 1380 1713 emptast,
1398 1644 1489 1697 omnia

499 1727 553 1780 Nos
572 1727 702 1792 dabimus,
721 1743 769 1780 nos
788 1728 952 1780 conteremus
972 1735 1063 1782 nostro
1082 1736 1199 1798 sumptu,
1219 1747 1272 1783 non
1293 1736 1348 1783 tuo.

515 1814 622 1898 Neque
634 1822 738 1878 tamen
753 1814 916 1898 pecuniam
930 1815 1032 1879 solum
1053 1825 1084 1880 et
1103 1837 1176 1902 opes
1192 1817 1273 1881 inter
1290 1816 1406 1882 amieos
1420 1817 1604 1881 communia

434 1935 501 1978 esse
523 1914 634 1978 debere
658 1913 857 1998 Peripatetici
890 1914 1057 1994 docebant,
1091 1917 1143 1980 sed
1172 1917 1268 1982 etiam
1297 1916 1335 1981 ad
1365 1916 1465 1981 animi
1496 1925 1604 1982 motus

432 2013 631 2098 proverbium
653 2014 889 2079 transtulerunt.
933 2015 1042 2098 ltaque
1060 2016 1086 2079 si
1109 2016 1180 2100 quis
1195 2016 1307 2099 gaudio
1321 2016 1467 2096 aflicitur,
1491 2015 1603 2081 eodem

432 2114 567 2178 allicitur
589 2114 684 2178 etiam
702 2114 769 2177 eius
791 2114 920 2192 amicus,
944 2124 974 2178 et
995 2116 1115 2180 amicus
1138 2116 1274 2181 dolorem
1292 2138 1352 2180 non
1375 2115 1482 2180 minus
1503 2116 1604 2181 sentit

432 2235 525 2297 quarn
548 2214 585 2294 is,
609 2214 663 2298 qui
684 2235 757 2277 eum
776 2213 902 2298 patitur.

514 2311 555 2384 ιύς
576 2313 614 2374 δὲ
639 2313 721 2392 πρύς
741 2311 860 2376 invado
878 2314 943 2392 ἔχει
964 2311 983 2376 ὁ
1007 2313 1205 2390 σπουδαῖος,
1229 2314 1284 2376 καὶ
1307 2313 1389 2393 πρύς
1410 2312 1471 2376 τύν
1493 2313 1602 2396 φίλον·

433 2412 539 2492 ἕτερος
554 2412 615 2492 γάρ
634 2411 769 2485 αὐτύςύ
788 2413 880 2496 φίλος
901 2414 993 2476 ἐστίν
1011 2414 1089 2478 dicit
1105 2414 1540 2493 ΑτίείοίείοεΕίΙι.Νἱε.ΙΧ9,
1554 2417 1603 2480 10.

516 2514 580 2589 Quo
603 2515 638 2576 fit
660 2521 695 2576 ut
716 2514 863 2595 gaudium
894 2514 1023 2598 quidem
1044 2524 1202 2594 augeatur,
1236 2515 1263 2578 si
1285 2516 1353 2579 eius
1375 2515 1530 2600 particeps
1555 2525 1605 2580 est

434 2614 563 2695 amicuS,
586 2615 671 2679 dolor
692 2622 798 2678 autem
820 2614 989 2679 minuatur.

518 2715 562 2778 Cs.
576 2715 638 2779 Cic.
651 2715 732 2779 Lael.
746 2717 802 2780 22:
826 2715 889 2796 Qui
906 2722 984 2778 esset
999 2721 1107 2778 tuntas
1123 2713 1251 2796 fructus
1268 2716 1303 2777 in
1316 2715 1481 2799 prosperis
1499 2713 1605 2792 rebus,

434 2815 499 2878 nisi
524 2813 669 2891 deberes,
698 2817 753 2899 qni
780 2815 846 2878 illis
875 2836 971 2900 oeque
1001 2836 1038 2878 ne
1067 2820 1100 2877 tu
1131 2815 1200 2898 ipse
1230 2815 1410 2898 ponderet?
1446 2815 1606 2880 adversas

437 2935 507 2977 cero
527 2912 613 2995 ferre
634 2914 765 2996 difficile
786 2922 863 2978 esset
890 2916 957 2978 sine
982 2937 1032 2990 eo,
1059 2915 1114 2999 qni
1135 2916 1209 2979 illos
1227 2914 1359 2997 provinc
1389 2916 1482 2978 etiam
1506 2937 1606 3000 quam

435 3022 469 3077 tn
488 3015 597 3097 ferret.
702 3014 788 3077 Nona
810 3019 838 3078 et
860 3015 1015 3078 secundos
1037 3036 1086 3077 res
1107 3014 1336 3098 splendidiores
1356 3014 1437 3096 fucit
1458 3015 1607 3080 amicitia

434 3115 632 3178 etodoersos
650 3116 796 3199 partiens
818 3116 1113 3199 communicansque
1132 3116 1271 3178 leviores.

518 3213 630 3276 Simili
665 3222 768 3278 autem
807 3216 897 3279 modo
938 3216 999 3279 iam
1035 3215 1221 3279 Aristoteles
1264 3214 1423 3278 contendit
1461 3212 1607 3277 homines

438 3312 602 3397 praecipue
625 3312 659 3376 in
681 3314 773 3377 rebus
794 3315 933 3379 adversis
955 3314 1066 3378 amicis
1088 3315 1238 3396 indigere.

518 3415 562 3476 Cf.
577 3412 646 3477 Eth.
661 3413 728 3478 Nic.
742 3416 786 3478 lX
800 3418 846 3496 ll,
863 3419 894 3479 l:
920 3413 1061 3494 πότερον
1081 3413 1110 3474 δ’
1129 3415 1164 3475 ἐι·
1179 3413 1342 3492 εὐτυχίαις
1356 3411 1482 3491 μᾶλλον
1500 3411 1609 3493 φίλων

434 3512 489 3573 δεῖ
507 3508 528 3595 ἢ
550 3513 585 3574 ἐν
606 3513 810 3596 δυστυχιάις;
841 3515 876 3576 ἐν
897 3515 1025 3596 οἷμιμοίν
1055 3514 1116 3594 γάρ
1139 3515 1375 3595 ἐπιζητοῦνται.
1425 3508 1463 3574 οἵ
1478 3534 1514 3572 τε
1542 3513 1608 3594 γάρ

434 3612 631 3690 ἀτυχοῦντες
658 3612 788 3676 δέονται
811 3615 1005 3694 ἐπικουρίας,
1036 3613 1068 3676 oi
1096 3613 1125 3675 δ’
1147 3613 1359 3695 εὐτυχοῦντες
1380 3616 1529 3692 συμβίων
1549 3613 1607 3674 καὶ

434 3709 487 3786 οὓς
508 3701 546 3776 εὐ
569 3709 773 3796 ποιήσουσιν·
811 3712 984 3794 βούλονται
1004 3715 1065 3794 γάρ
1087 3703 1124 3778 εὐ
1146 3713 1238 3793 δρᾶν.
1277 3711 1529 3792 άναγκαιύτερον
1542 3716 1608 3792 μὲν

435 3813 476 3897 δὴ
498 3814 534 3876 ἐν
555 3816 626 3885 ταῖς
648 3812 813 3892 άτυχίαις,
844 3814 895 3876 ded
921 3816 986 3876 τιῦν
1008 3818 1176 3896 χρησίμων
1199 3814 1349 3876 ἐνταῦθα
1372 3811 1440 3890 δεῖ,
1471 3809 1607 3874 κάλλιον

435 3912 464 3975 δ’
487 3914 615 3986 ἐντοῖς
636 3912 814 3992 εὐτυχίαις,
843 3914 894 3975 ded
920 3914 974 3975 καὶ
998 3915 1075 3987 τούς
1098 3915 1249 3986 ἐπιεικεῖς
1271 3914 1428 3996 ζητοῦσιν.
1470 3910 1607 3985 τούτους

434 4012 495 4093 γάρ
517 4010 730 4094 αἱρετώτερον
751 4011 930 4093 εὐεργετεῖν
951 4014 1005 4076 καὶ
1027 4016 1113 4094 μετά
1135 4011 1260 4077 τούτοιν
1279 4012 1411 4093 διάγειν.
1451 4012 1521 4075 ἔστι
1542 4011 1606 4093 γάρ

434 4111 489 4175 καὶ
514 4111 531 4196 ἡ
554 4118 722 4195 παρουσία
742 4112 826 4196 αὐτὴ
849 4117 915 4175 τῶν
937 4113 1040 4196 φίλων
1061 4114 1159 4200 ῇδεῐα
1180 4113 1234 4175 καὶ
1257 4114 1292 4176 ἐν
1314 4115 1386 4184 ταῖς
1408 4111 1605 4191 δυστυχίαις.

436 4216 643 4296 κουφίζονται
665 4214 726 4294 γάρ
748 4213 780 4276 οἱ
805 4212 1005 4294 λυπούμενοι
1033 4212 1279 4294 σνναλγούντιον
1307 4215 1373 4274 coir
1399 4211 1511 4294 φίλων.
1552 4208 1604 4273 ded

434 4310 497 4376 κάν
525 4309 726 4398 ἀπορήσειεν
754 4336 800 4387 τις
829 4311 971 4393 πότερον
1001 4308 1115 4392 ὥσπερ
1141 4311 1262 4394 βάρους
1282 4311 1604 4392 μεταλαμβάνουσιν,

435 4407 458 4498 ἢ
479 4414 576 4476 τοῦτο
597 4417 659 4494 μὲν
680 4413 729 4492 οὐ,
760 4412 781 4498 ἦ
802 4416 969 4492 παρουσία
993 4412 1022 4474 δ’
1040 4412 1148 4475 αὐτῶν
1170 4411 1267 4497 ἡδεῖα
1282 4401 1365 4475 οὐσα
1377 4411 1430 4473 καὶ
1452 4409 1473 4495 ἡ
1495 4411 1604 4473 ἔννοια

382 4526 384 4531 “
435 4512 495 4577 τοῦ
511 4513 682 4598 συναλγεῖν
703 4513 828 4577 ἐλάττω
850 4511 910 4597 τήν
928 4506 1040 4594 λύπην
1061 4516 1157 4575 ποιεί.
