4075 5717
1015 699 1222 763 ...42-

533 875 722 958 οἷκροδριίοις
740 872 934 956 ἀρκούμενοι
957 880 1132 958 φαίνονται
1152 875 1196 940 τοί
1213 900 1249 939 τε
1268 876 1508 960 συγγράμματα
1529 872 1704 960 ἐμπεπλή-

535 997 611 1042 κασι
623 976 662 1040 τδ
674 975 833 1056 δλιγοδεὲς
844 978 901 1058 τῆς
913 975 1043 1059 φύσεως
1055 977 1278 1060 ἀφηγούμενοι
1288 979 1343 1041 καὶ
1352 979 1391 1041 cd
1407 979 1442 1040 ἐκ
1459 980 1527 1040 τῶν
1539 976 1638 1043 λιτῶν
1648 976 1705 1039 καὶ

534 1077 743 1157 εὐπορίστων
761 1074 877 1150 ἱκανῶς
894 1075 996 1158 αὐτῆς
1015 1078 1054 1139 cd
1075 1077 1254 1160 α’ναγκαῖον
1272 1076 1411 1160 ιὀίμενον
1421 1075 1642 1158 παριστάντες
1657 1124 1664 1139 .
1677 1122 1704 1138 ..

618 1196 695 1260 Εοοο
718 1195 830 1259 incerti
852 1205 960 1279 poetae
983 1197 1072 1278 lrgm.
1098 1199 1155 1261 127
1177 1195 1277 1278 (Koclr
1297 1198 1342 1261 Ill
1366 1217 1434 1281 pag.
1455 1192 1531 1275 432)
1553 1194 1637 1258 inter
1652 1215 1705 1258 ees

534 1318 593 1375 res,
616 1296 730 1380 quibus
752 1295 855 1359 nescio
877 1295 947 1378 quis
969 1306 1062 1376 caret,
1085 1297 1179 1360 etiam
1201 1297 1327 1382 Epicuri
1351 1297 1475 1381 polenta
1488 1301 1705 1359 enumeratur:

723 1390 830 1460 ἄπολις,
848 1389 953 1456 ἄοικος,
971 1393 1106 1464 πατρίδος
1123 1391 1317 1465 ἐστερημένος,

728 1475 779 1531 οὔκ
796 1474 900 1547 ὀβολόν,
920 1474 954 1532 ου’
972 1475 1098 1552 δραχμὴν
1117 1479 1195 1552 ἔχων,
1214 1477 1265 1534 οὖκ
1283 1481 1403 1551 οἰκέτην,

727 1560 785 1617 ἄλλ’
805 1559 870 1618 ου’δὲ
889 1564 988 1636 μᾶζαν,
1008 1551 1040 1636 ἧς
1059 1561 1221 1639 Ἐπίκουρος
1240 1565 1374 1641 εὐπορῶν.
1638 1639 1640 1643 .

537 1655 586 1718 Ad
606 1653 734 1738 Epicuri
757 1653 795 1716 de
814 1653 936 1717 divitiis
958 1655 1146 1718 sententiam
1169 1656 1306 1740 pertinet
1329 1656 1424 1720 etiam
1445 1657 1514 1722 eius
1536 1659 1626 1739 lrgm.
1643 1658 1702 1720 471

536 1751 741 1838 (Porphyrius
769 1753 806 1816 ad
840 1753 1018 1817 Marcellam
1043 1755 1081 1817 27
1112 1775 1180 1839 pag.
1205 1755 1307 1836 208,2
1327 1753 1466 1837 Nauck):
1499 1754 1647 1819 σποίνιόν
1671 1778 1706 1835 γε

535 1851 642 1933 εὑρεῖν
673 1847 857 1931 ἄνθρωπον
887 1850 1059 1934 <adipsal
1091 1854 1174 1933 πρὸς
1204 1855 1243 1916 τδ
1275 1858 1332 1937 τῆς
1363 1852 1494 1937 φύσεως
1525 1855 1616 1929 τέλος
1649 1856 1705 1917 καὶ

534 1952 693 2016 πλούσιον
713 1952 795 2033 πρὸς
815 1952 874 2024 τοὶς
903 1952 998 2024 κενάς
1029 1951 1139 2028 δόξας·
1168 1953 1275 2027 οὐδεὶς
1303 1954 1364 2033 γαρ
1391 1958 1457 2016 τῶν
1478 1953 1636 2037 οἰφρόνων
1658 1945 1706 2028 οἷς

536 2055 602 2133 ἔχει
622 2053 785 2134 α’ρκεῖται,
816 2052 942 2133 μᾶλλον
972 2052 1010 2114 δὲ
1037 2042 1085 2126 οἷς
1110 2051 1167 2116 οὐκ
1196 2054 1259 2132 ἔχει
1288 2052 1457 2118 δδυνᾶται.
1501 2051 1615 2135 ὥσπερ
1646 2044 1706 2118 οὖν

535 2152 566 2217 οἱ
592 2163 805 2233 πυρέττοντες
826 2153 882 2215 διδ
904 2153 1105 2236 κακοήθειαν
1126 2157 1181 2238 τῆς
1204 2152 1305 2218 νόσου
1333 2153 1386 2217 αἐὶ
1408 2153 1536 2242 διψῶσι
1562 2154 1616 2217 καὶ
1639 2159 1706 2217 τῶν

535 2252 783 2317 ἐναντιωτάτων·
814 2254 1056 2333 ἐπιθυμοῦσιν,
1097 2249 1182 2317 οὕτω
1212 2253 1266 2316 καὶ
1307 2251 1339 2316 οἱ
1374 2255 1434 2339 τήν
1464 2255 1577 2342 ψυχὴν
1601 2259 1707 2330 κακῶς

536 2356 663 2433 ἔχοντες
683 2355 888 2434 διακειμένην
912 2361 1067 2417 πένονται
1088 2352 1227 2417 πάντων
1258 2354 1311 2416 dei
1332 2355 1387 2417 καὶ
1410 2353 1452 2428 εἰς
1475 2355 1705 2436 πολυτρόπους

535 2456 717 2534 ἐπιθυμίας
738 2452 806 2517 dno*
828 2453 1019 2534 λαιμαργίας
1040 2454 1274 2534 ἐμπίπτουσιν.

618 2554 706 2619 Idem
727 2553 918 2632 antitheton,
953 2554 1034 2638 quod
1057 2554 1114 2618 hoc
1144 2555 1175 2618 iu
1201 2558 1372 2637 fragmento
1394 2555 1527 2637 legitur:
1559 2545 1607 2629 οἷς
1629 2557 1705 2635 ἔχει,

536 2644 584 2727 οἷς
614 2652 672 2717 οὐκ
704 2654 784 2734 ἔχει,
812 2654 946 2719 occurrit
974 2654 1064 2718 nobis
1093 2654 1175 2738 apud
1199 2654 1347 2718 Plautum
1369 2654 1549 2720 Trinummi
1581 2679 1610 2719 v.
1633 2656 1703 2735 351,

534 2755 588 2819 ubi
610 2754 759 2833 Philoni,
794 2753 846 2838 qui
870 2753 1017 2837 Lysitelis
1040 2753 1099 2817 filii
1121 2753 1258 2817 amicum
1280 2755 1428 2818 adiuvare
1451 2764 1572 2819 recusat
1591 2764 1623 2818 et
1644 2756 1707 2820 hec

536 2855 734 2919 excusatione
756 2853 873 2918 utitur:

638 2954 677 3006 De
696 2954 799 3021 magnis
818 2953 918 3005 divitiis
938 2953 1025 3021 siquid
1045 2952 1144 3017 demas,
1164 2952 1224 3021 plus
1243 2952 1273 3004 fit
1292 2970 1326 3004 an
1346 2952 1453 3005 minus?

536 3041 621 3104 filius
642 3040 822 3126 respondet:

641 3140 730 3192 Minus
749 3145 837 3208 pater:
857 3139 904 3191 sed
924 3140 974 3192 civi
993 3140 1095 3192 inmuni
1115 3141 1172 3192 scin
1193 3141 1256 3208 quid
1276 3141 1377 3193 cantari
1396 3139 1484 3193 solet?

642 3227 732 3291 „Quod
753 3228 834 3279 habes
854 3243 886 3278 ne
906 3227 1003 3278 habeas
1023 3231 1049 3278 et
1068 3226 1131 3278 illuc
1152 3227 1221 3295 quod
1241 3244 1295 3280 non
1315 3229 1405 3291 habes
1424 3227 1531 3285 habeas,
1551 3228 1662 3289 malurn,

640 3311 859 3381 Quandoquidem
879 3329 928 3365 uec
946 3313 995 3364 tibi
1016 3313 1081 3364 bene
1103 3329 1162 3364 esse
1181 3317 1242 3381 pote
1262 3314 1316 3381 pati
1335 3329 1421 3381 neque
1440 3313 1542 3366 alteri“.
1555 3314 1575 3380 ¹)

539 3400 657 3464 Deinde
680 3400 720 3464 ad
732 3399 902 3484 Epicurum
918 3399 1068 3463 recedunt
1087 3402 1216 3463 sortasse
1233 3400 1326 3463 etiam
1341 3400 1520 3464 Trinummi
1537 3422 1565 3464 v.
1577 3401 1639 3465 339
1653 3423 1707 3486 sq:

642 3500 679 3552 De
700 3499 819 3552 mendico
839 3499 906 3551 male
925 3504 1040 3551 meretur
1059 3501 1103 3567 qui
1124 3500 1147 3550 ei
1169 3499 1215 3550 dat
1234 3500 1303 3567 quod
1324 3499 1378 3551 edit
1397 3505 1444 3551 aut
1463 3501 1553 3552 bibat:

641 3587 706 3638 Nam
726 3599 753 3638 et
771 3585 837 3637 illud
856 3585 925 3653 quod
946 3585 991 3637 dat
1010 3586 1098 3653 perdit
1117 3591 1143 3637 et
1164 3585 1204 3637 illi
1224 3583 1409 3654 prodit'vitam
1431 3587 1463 3638 ad
1484 3588 1624 3640 miseriam.
1641 3587 1662 3655 ⁸)

538 3674 664 3738 Constat
681 3673 764 3737 enim
779 3672 948 3757 Epicurum
963 3672 1079 3736 librum
1096 3673 1257 3756 scripsisse
1277 3672 1353 3753 περὶ
1367 3671 1480 3754 δώρων
1498 3675 1552 3736 καὶ
1566 3670 1706 3753 χάριτος.

622 3774 667 3838 Cf.
682 3772 771 3855 Diog.
782 3773 815 3836 L.
828 3772 857 3836 X
869 3773 909 3836 ⁶28
931 3783 962 3836 et
987 3775 1077 3854 frgm.
1091 3775 1131 3837 22
1153 3773 1281 3854 (Sextus
1293 3774 1382 3858 Emp.
1401 3775 1470 3838 adv.
1492 3775 1614 3838 math.l
1630 3772 1704 3854 49):

537 3874 573 3936 ἐν
594 3876 670 3952 γοῦν
692 3875 739 3952 τῷ
759 3871 841 3951 Περὶ
864 3870 978 3950 δώρων
999 3871 1054 3932 καὶ
1075 3870 1205 3953 χάριτος
1227 3871 1342 3947 ἱκανῶς
1364 3877 1518 3954 πειρᾶται

538 3975 603 4050 Quo
637 3973 668 4037 in
702 3973 797 4048 libro,
830 3971 888 4036 etsi
922 3973 1095 4054 fragmento
1129 3995 1189 4037 non
1223 3983 1364 4056 exstant,
1397 3982 1501 4039 tamen
1535 3974 1597 4038 tole
1629 3974 1705 4059 quid

539 4074 576 4137 de
598 4074 740 4137 mendico
753 4072 978 4157 praescriptum
994 4073 1090 4137 luisse
1110 4095 1144 4138 eo
1163 4074 1286 4138 lucilius
1304 4074 1470 4156 credimuS,
1494 4075 1575 4159 quod
1598 4096 1706 4140 versus

537 4173 677 4239 Plautini
698 4173 889 4252 aPhiltone,
912 4194 1006 4256 quem
1028 4173 1091 4237 inm
1108 4174 1232 4258 saepius
1253 4175 1411 4239 hominem
1434 4196 1506 4239 vere
1517 4175 1706 4260 Epicureum

538 4272 748 4357 cognovimus
772 4272 1023 4356 pronuntiantur.

609 4435 634 4503 1)
653 4437 730 4490 Hunc
748 4435 834 4489 locum
856 4435 940 4489 Birtio
959 4436 1050 4490 debeo.

605 4523 634 4591 2)
652 4524 729 4576 Hunc
748 4537 853 4591 quoque
871 4521 957 4574 locum
976 4521 1060 4575 Birtio
1079 4522 1171 4575 debeo.
