4075 5717
927 653 1110 714 ,6-

430 830 646 917 philosophiae
669 830 802 893 Graecae
825 831 991 895 scientiam
1021 851 1059 892 ex
1083 829 1221 891 lontibus
1254 825 1330 910 ipsis
1360 826 1515 889 hausisse.
1547 827 1612 888 hoc

431 942 477 996 est
500 930 754 1016 philosophorum
774 930 890 1014 scripta
908 931 1030 1012 legisse,
1052 952 1106 1013 per
1122 950 1154 992 se
1167 938 1251 1012 patet
1272 948 1371 1009 neque
1390 925 1455 989 ulla
1477 927 1611 990 demon-

431 1031 581 1096 stratione
598 1029 735 1111 indiget3
756 1029 837 1093 unde
856 1030 998 1113 sequitur
1018 1029 1099 1093 locos
1118 1027 1356 1113 philosophicos
1375 1027 1428 1109 qni
1450 1027 1479 1089 in
1498 1048 1611 1090 eorum

431 1131 547 1195 fabulis
571 1129 681 1213 scripti
704 1129 860 1210 leguntur,
884 1151 900 1193 e
921 1129 1049 1193 Graecis
1073 1128 1235 1212 exemplis,
1259 1148 1337 1210 quae
1360 1127 1408 1190 illi
1432 1128 1610 1204 vertebant,

431 1231 585 1312 originem
607 1231 730 1293 ducere.
774 1229 880 1293 Graeci
900 1238 1004 1293 autern
1026 1239 1133 1313 poetae
1148 1249 1209 1291 non
1225 1228 1325 1291 solum
1350 1226 1609 1312 philosophorum

322 1331 325 1335 ’
432 1330 528 1394 libros
551 1351 673 1393 summo
697 1350 766 1391 cum
790 1329 893 1394 studio
917 1329 1071 1410 legebant,
1096 1328 1148 1391 sed
1167 1328 1263 1390 etiam
1279 1349 1514 1411 nonnumquam
1539 1328 1613 1392 sive

432 1429 526 1493 huius
548 1428 614 1492 sive
637 1427 725 1492 illius
748 1430 927 1493 ferebantur
945 1428 1106 1513 discipuli,
1130 1450 1206 1513 quos
1227 1428 1265 1491 od
1282 1427 1448 1509 magistros
1472 1429 1614 1493 libenter

432 1549 465 1592 se
488 1528 662 1612 applicasse
685 1527 831 1592 mirabile
852 1528 953 1592 videri
977 1551 1038 1592 non
1060 1529 1160 1592 debet.

516 1627 575 1691 Sed
604 1635 638 1690 ut
668 1649 734 1691 rem
765 1627 863 1712 ipsam
890 1629 1017 1693 iamiam
1049 1629 1267 1711 aggrediamur
1290 1638 1321 1692 et
1351 1629 1443 1691 rebus
1473 1629 1615 1712 philoso-

433 1726 550 1810 phicis,
585 1726 755 1810 inquibus
785 1736 849 1792 tota
879 1728 953 1791 haec
983 1728 1254 1813 disputatiuncula
1283 1738 1442 1809 versatur,
1476 1730 1615 1810 dignum

433 1827 592 1911 capiamus
623 1827 768 1906 initium,
802 1850 821 1897 a
849 1828 898 1891 dis
926 1827 1160 1893 immortalibus
1190 1829 1379 1914 incipiamus
1412 1838 1443 1892 et
1467 1830 1611 1914 primum

433 1926 561 2010 Epicuri
591 1929 628 1991 de
657 1928 707 1992 dis
737 1928 909 1992 doctrinam
938 1928 1114 1992 accuratius
1137 1938 1314 2008 tractemus,
1347 1939 1390 2008 ut,
1421 1931 1497 2013 quid
1523 1931 1613 2014 apud

384 2101 388 2108 ,
435 2033 542 2110 poetas
564 2029 697 2093 comicos
721 2027 864 2106 valuerit,
887 2035 1044 2112 appareat.

827 2307 970 2427 Caput
994 2307 1212 2427 primum.

492 2475 542 2541 llo
563 2475 702 2560 Epicuri
720 2477 927 2560 placitorum
950 2477 1038 2561 opud
1058 2482 1181 2561 poetas
1204 2476 1350 2544 comicos
1373 2477 1545 2560 vestigiis.

518 2609 594 2671 θεοὶ
615 2613 678 2690 μὲν
692 2609 753 2690 γάρ
768 2609 853 2675 εἰσίν
868 2613 973 2696 inquit
988 2614 1055 2698 ipse
1073 2636 1120 2698 ep.
1137 2615 1182 2677 lll
1197 2611 1222 2694 ¹)
1238 2612 1342 2696 (Diog.
1357 2613 1455 2675 Laert.
1473 2612 1502 2674 X
1518 2611 1614 2692 123);

436 2709 570 2792 ἐναργής
590 2709 652 2790 γάρ
670 2709 780 2773 αὐτῶν
796 2712 888 2776 ἐστιν
910 2712 1073 2796 ῆγνῶσις.
1115 2710 1201 2785 οἵους
1224 2712 1254 2773 d’
1275 2711 1393 2784 αιῗτούς
1410 2708 1470 2794 <οἱ>
1493 2710 1616 2773 πολλοὶ

437 2811 635 2889 νομίζουσιν,
666 2809 725 2874 οοίι
754 2809 847 2876 εἰσίν.
899 2814 940 2877 Et
971 2815 1122 2898 prolecto,
1156 2813 1247 2895 longe
1277 2812 1370 2875 aliter
1390 2821 1484 2894 atque
1513 2811 1616 2874 ceteri

437 2908 563 2974 illorum
596 2918 772 2996 temporum
808 2913 983 2998 philosophi
1018 2913 1057 2977 de
1091 2912 1140 2976 dis
1169 2912 1322 2975 iudicavit
1351 2910 1522 2995 Epicurus,
1556 2911 1615 2994 qni

437 3031 562 3073 omnem
580 3010 663 3092 vim,
695 3033 818 3076 omnem
843 3021 1047 3097 potestatem,
1077 3034 1202 3076 omnem
1225 3010 1402 3095 imperandi
1424 3032 1485 3074 non
1508 3009 1617 3074 solum

438 3109 490 3172 sed
514 3109 610 3174 etiam
633 3111 759 3175 omnino
789 3113 900 3194 agendi
926 3114 1110 3177 facultatem
1133 3112 1173 3175 iis
1196 3111 1334 3194 dempsit
1356 3110 1415 3191 ita,
1439 3120 1474 3174 ut
1497 3119 1617 3188 essent,

438 3209 493 3292 qui
526 3210 588 3273 nisi
621 3210 744 3274 iocandi
787 3233 878 3275 causa
911 3214 984 3276 deos
1017 3233 1090 3276 eum
1129 3233 1188 3274 non
1224 3209 1384 3274 induxisse
1419 3210 1618 3294 putarent.²)

439 3307 651 3388 εὐδαιμονίαν
674 3311 756 3374 enim
781 3311 887 3392 illam,
910 3313 1065 3397 adquam
1089 3313 1155 3396 ipse
1177 3310 1320 3375 homines
1342 3310 1454 3374 ducere
1477 3309 1618 3392 volebat,

439 3431 564 3473 omnem
588 3409 636 3474 dis
661 3411 815 3493 attribuit,
837 3433 946 3497 neque,
970 3434 1041 3476 cum
1061 3434 1099 3476 ne
1122 3411 1290 3475 minimum
1309 3410 1436 3494 quidem
1453 3409 1620 3494 patiantur

441 3509 579 3590 malum,
621 3532 726 3574 eorum
762 3511 827 3575 vita
867 3512 1038 3596 quidquam
1079 3512 1200 3575 beatius
1242 3511 1291 3574 vel
1332 3509 1477 3574 omnibus
1524 3510 1619 3576 bonis

441 3609 621 3673 affluentius
644 3611 772 3694 cogitari
805 3633 893 3695 posse
924 3611 1093 3675 contendit.
1138 3611 1257 3687 Quibus
1278 3609 1506 3693 voluptatibus,
1538 3631 1618 3692 quo-

443 3708 529 3772 niam
553 3709 745 3775 immortales
769 3720 860 3788 sunt,
891 3712 963 3775 deos
985 3731 1157 3793 numquam
1181 3709 1243 3773 l'rui
1272 3710 1413 3773 desinere
1437 3731 1491 3793 per
1513 3730 1545 3772 se
1567 3722 1646 3775 est·

442 3808 652 3893 perspicuum,

526 3909 570 3972 ct.
594 3910 686 3990 frgm.
705 3910 764 3973 361
789 3908 936 3994 (scriptor
947 3910 1119 3994 Epicureus
1138 3907 1325 3991 [Plutarchi]
1342 3910 1380 3973 de
1400 3909 1477 3993 plac.
1502 3908 1619 3992 philos.

447 4010 530 4088 17,7
555 4031 622 4093 pag.
635 4011 697 4075 300
709 4007 769 4090 D):
793 4013 905 4082 κοινῶς
927 3999 986 4072 οὖν
1007 4007 1256 4090 ἁμαρτάνουσιν
1275 4006 1458 4090 α’μᾳότεροι
1474 4007 1621 4086 (nr-aaa·

443 4105 540 4190 γάρας
561 4108 614 4171 καὶ
629 4106 787 4190 Πλάτων)
810 4105 860 4172 ὅτι
882 4112 941 4172 τόν
956 4111 1040 4172 θεὸν
1058 4112 1220 4192 ἐποίησαν
1243 4105 1527 4191 ἐπιστρεφόμενον
1550 4112 1623 4172 τῶν

444 4209 670 4292 ἀνθρωπίνων
702 4210 755 4271 καὶ
788 4207 907 4273 τούτου
943 4207 1040 4290 χάριν
1071 4212 1130 4273 τόν
1162 4209 1288 4290 κόσμον
1318 4204 1623 4284 κατασκευάζοντα.

518 4396 543 4464 1)
563 4393 696 4464 Epicurea
715 4397 756 4449 ed.
775 4395 885 4457 Usener,
920 4396 993 4466 Lips.
1014 4397 1089 4451 1887.

514 4482 542 4550 2)
562 4482 653 4536 Cicero
672 4483 704 4536 de
724 4482 806 4536 divin.
825 4483 849 4535 Η
859 4481 902 4535 40.
