4075 5717
917 679 1124 738 ..Ῑῇ.-

436 862 517 940 Quos
534 881 641 926 versus
657 857 828 944 perlegenti
851 857 921 942 quis
944 864 999 936 est,
1023 854 1073 919 cui
1093 869 1155 920 non
1180 851 1286 917 statim
1312 850 1506 937 praeclarum
1528 847 1607 915 illud

432 963 542 1028 Horati
565 958 709 1046 Epicurei
733 959 766 1022 iu
790 965 928 1022 mentem
955 955 1062 1020 venit:
1092 954 1190 1039 „quid
1214 953 1255 1017 sit
1277 954 1419 1016 futurum
1440 972 1507 1015 cras
1530 952 1601 1032 luge

436 1061 614 1146 quaerere,“
634 1059 714 1143 quod
736 1059 811 1121 adeo
831 1079 902 1121 oum
925 1055 1036 1120 comici
1061 1055 1202 1118 versibus
1225 1052 1379 1117 consentit
1394 1058 1430 1115 ut
1444 1072 1482 1115 ex
1498 1051 1607 1116 eodem

437 1167 520 1227 l'onte
551 1170 720 1243 utrumque
758 1159 886 1222 fluxisse
920 1158 989 1221 luce
1020 1155 1062 1218 sit
1091 1155 1214 1218 clarius
1258 1153 1316 1216 Sed
1348 1174 1408 1216 non
1439 1151 1529 1215 modo
1551 1151 1607 1214 hoc

435 1263 538 1346 ἡδέως
561 1264 617 1340 ζῆν
646 1259 725 1321 καθ’
747 1258 891 1342 ἡμέραν,
925 1256 969 1330 εἰς
998 1254 1113 1341 cr’r'pror
1142 1259 1180 1322 δὲ
1209 1258 1294 1341 μηδὲ
1325 1260 1508 1342 φροιτίζειν
1540 1253 1610 1321 ὅτι

438 1364 531 1425 ἔσται
555 1361 744 1446 Epicureum
768 1368 966 1444 praeceptum
991 1371 1055 1441 est,
1090 1362 1141 1426 sed
1167 1360 1334 1437 etiamid,
1367 1360 1447 1444 quod
1480 1359 1609 1432 divitias

438 1483 618 1527 converrere
641 1468 801 1540 vetamur,
824 1460 862 1523 ad
886 1481 957 1523 eum
983 1480 1038 1526 nos
1062 1462 1197 1543 delegat,
1222 1460 1343 1545 quade
1366 1481 1398 1522 re
1420 1460 1498 1523 alibi
1521 1459 1612 1549 plura

440 1564 534 1628 verba
555 1561 634 1624 mihi
658 1560 800 1624 facienda
820 1568 901 1623 sunt.
915 1558 940 1640 ι)
985 1561 1049 1626 lloc
1071 1562 1137 1626 loco
1159 1562 1260 1625 obiter
1281 1583 1350 1624 eam
1370 1582 1613 1625 commemorare

440 1663 566 1746 sufficit,
589 1669 623 1724 ut
643 1660 800 1741 refellam,
833 1660 859 1723 si
883 1661 954 1745 quis
976 1662 1175 1747 Aristippum
1201 1682 1267 1725 esse
1297 1663 1414 1725 fontem
1448 1661 1614 1745 fragmenti

442 1763 627 1827 contendere
660 1761 746 1824 velit.
791 1761 974 1847 Aristippus
1003 1762 1087 1826 enim
1118 1761 1241 1825 divitiis
1265 1761 1440 1825 maximum
1469 1761 1614 1827 attribuit

442 1869 647 1926 momentum.
692 1861 751 1924 Sed
784 1861 879 1926 etiam
903 1862 958 1925 lrac
981 1863 1019 1926 de
1045 1883 1076 1925 re
1101 1860 1250 1947 postea.²)
1292 1861 1487 1925 Philetaerus
1509 1870 1615 1928 autem

443 1963 501 2025 etsi
525 1962 654 2040 mediae,
680 1983 758 2044 quae
781 1964 895 2044 fertur,
929 1963 1105 2042 comoediae
1126 1963 1366 2042 adnumeratur,
1389 1970 1502 2026 tamen
1518 1949 1617 2047 nsque

442 2063 480 2125 ad
504 2083 601 2125 novae
623 2068 765 2146 tempora
785 2061 868 2125 vixit
890 2070 921 2125 et
941 2063 981 2125 ab
1003 2062 1137 2148 Epicuro
1157 2062 1276 2126 discere
1300 2062 1410 2147 potuit.

527 2163 606 2225 Cum
628 2162 720 2226 initio
743 2162 869 2225 Lucreti
894 2183 1057 2244 versuum,
1081 2184 1158 2247 quos
1183 2161 1416 2247 exscripsimus
1448 2162 1525 2225 bene
1546 2185 1616 2227 con·
1721 2230 1723 2239 ,
1757 2210 1780 2240 ,.

447 2262 543 2325 sentit
565 2262 729 2326 Menandri
752 2264 843 2345 lrgm.
868 2264 930 2327 410
952 2262 1051 2344 (Koclr
1076 2263 1123 2327 ΙΙΙ
1145 2283 1214 2347 pag.
1240 2260 1330 2342 120):

656 2355 702 2413 del
721 2355 751 2413 τὸ
770 2359 876 2414 λυποῦν
895 2356 1033 2414 «irredimus
1053 2360 1102 2414 τοῦ
1119 2363 1189 2432 βίον·

654 2445 759 2519 μικρόν
778 2466 805 2500 τι
824 2442 855 2499 τὸ
873 2450 934 2516 βίου
954 2448 1001 2500 καὶ
1019 2445 1119 2502 στενὸν
1138 2446 1228 2520 ζῶμεν
1242 2449 1353 2520 χρόνον.

447 2536 563 2599 Eadem
587 2536 671 2598 enim
694 2535 876 2617 admonitio,
900 2556 992 2618 quam
1016 2538 1099 2622 apud
1121 2537 1303 2600 Lucretium
1326 2535 1470 2618 legimus,
1493 2543 1619 2621 proptor

447 2636 531 2700 vitae
562 2635 749 2700 brevitatem
777 2658 816 2699 ne
830 2671 833 2677 ·
847 2635 933 2699 luctu
956 2657 1011 2700 nos
1041 2637 1272 2716 excruciemuS,
1306 2635 1338 2699 in
1368 2635 1424 2700 hoc
1446 2638 1619 2717 fragmento

448 2735 537 2798 nobis
560 2736 703 2816 occurrit,
735 2736 816 2819 quod
839 2736 877 2799 ad
899 2735 1091 2821 Epicureum
1113 2738 1232 2801 fontem
1254 2757 1290 2800 ea
1312 2736 1349 2799 dc
1370 2756 1462 2800 causa
1484 2737 1619 2799 referen-

448 2837 523 2898 dum
546 2844 600 2899 est.

530 2935 774 3019 Requirentibus
795 2942 900 2999 autem
923 2936 1043 3000 similia
1065 2936 1196 3000 Plautus
1216 2957 1338 3020 quoque
1360 2934 1522 3000 nonnullis
1544 2933 1620 2998 locis

448 3038 544 3099 ollert.
590 3037 763 3120 Componas
787 3036 924 3120 primum
948 3035 1093 3100 Bacchid.
1117 3058 1146 3101 v.
1169 3037 1247 3100 1192
1259 3057 1305 3120 sq.
1328 3034 1498 3099 Bacchides
1522 3054 1620 3097 mere·

447 3136 540 3199 trices
559 3136 619 3199 duo
638 3156 736 3216 scneS,
759 3135 968 3199 Philoxenum
984 3144 1015 3201 et
1036 3136 1234 3215 Nicobulum,
1258 3136 1403 3221 pellicere
1420 3143 1547 3199 conatce
1570 3134 1619 3197 illi

448 3236 575 3320 quidem
606 3235 697 3298 facile
727 3235 931 3320 persuadent,
965 3236 1017 3300 hic
1047 3236 1139 3300 initio
1170 3236 1306 3317 resistit,
1336 3243 1404 3300 tum
1436 3255 1533 3320 paene
1557 3234 1620 3298 iam

450 3335 648 3418 obsequitur:

451 3436 539 3502 Caput
557 3435 657 3502 prurit:
684 3433 760 3501 perii.
785 3433 830 3484 vix
848 3435 948 3502 negito.

448 3523 529 3585 Tum
550 3543 684 3585 Sorores:
712 3526 771 3578 Nou
791 3527 840 3580 tibi
859 3529 978 3580 venitin
997 3535 1120 3591 mentem,
1139 3533 1241 3593 amabo,

449 3622 477 3674 Si
497 3621 559 3673 dum
579 3621 651 3672 vivas
670 3621 719 3674 tibi
738 3622 805 3674 bone
819 3621 911 3688 facias,
930 3628 983 3675 tam
1003 3624 1052 3691 pol
1067 3625 1094 3677 id
1114 3625 1220 3693 quidem
1235 3641 1293 3678 esse
1307 3625 1378 3678 haud
1393 3625 1619 3693 perlonginquom.

448 3709 540 3776 Neque
559 3708 582 3759 si
601 3707 650 3760 hoc
669 3707 747 3760 hodie
766 3708 894 3775 amiseris,
914 3715 975 3778 post
994 3711 1021 3762 in
1041 3716 1123 3763 morto
1142 3712 1168 3763 id
1188 3718 1342 3764 eventurum
1357 3727 1415 3764 esse
1434 3709 1579 3779 umquam?

450 3793 540 3856 Adde
563 3794 708 3858 Pseudoli
730 3817 760 3858 v.
777 3796 837 3860 682
857 3817 903 3880 sq.
946 3797 1118 3862 Pseudolus
1141 3799 1277 3862 multum
1301 3800 1364 3862 iam
1386 3797 1623 3883 philosophatus

450 3895 545 3958 finem
568 3894 659 3959 facit:

555 3995 636 4046 Stulti
655 3995 807 4048 hauscimus
827 3995 926 4049 frustra
946 4001 976 4048 ut
994 3998 1092 4063 simus,
1121 4013 1200 4066 quom
1219 3997 1282 4066 quid
1302 3999 1446 4065 cupienter·
1459 3996 1517 4048 deri

556 4081 673 4134 Petimus
693 4082 784 4134 nobis:
805 4083 880 4150 quasi
901 4082 964 4151 quid
984 4084 1011 4134 in
1033 4099 1086 4134 rem
1108 4083 1142 4134 sit
1163 4085 1296 4152 possimus
1315 4099 1432 4137 noscere.

557 4167 634 4220 Certa
654 4169 791 4232 mittimus,
810 4167 873 4220 dum
892 4169 994 4222 incerta
1013 4170 1137 4238 petimus.
1175 4174 1254 4238 atque
1274 4171 1323 4222 hoc
1342 4171 1430 4222 euenit

557 4253 588 4305 lu
606 4254 697 4307 labore
717 4259 796 4322 etque
815 4256 843 4306 in
863 4255 962 4322 dolore,
980 4260 1011 4307 ut
1030 4270 1100 4307 mors
1119 4256 1229 4324 obrepat
1249 4257 1362 4310 interim.

523 4423 548 4489 l)
568 4423 607 4476 ef.
624 4440 685 4493 pag.
702 4421 735 4475 39
754 4440 792 4492 sq.

523 4512 550 4580 2)
571 4511 610 4564 Gt.
630 4527 691 4579 pag.
710 4509 752 4563 73.
