4075 5717
925 670 1132 741 2-17-2-

516 848 658 912 Primum
681 847 807 917 Batonis
839 847 988 945 inspicias
1017 849 1151 929 irgmh
1182 846 1283 931 (Koch
1306 848 1354 912 III
1386 845 1610 932 pag.328)e1

430 969 552 1012 mecum
584 948 761 1033 perlustres.
805 947 924 1024 Quibus
941 947 987 1010 ¹iu
1015 949 1158 1012 versibus
1188 956 1275 1033 pater
1306 947 1523 1041 paedagogum
1548 949 1611 1013 filii

432 1048 585 1130 obiurgat,
610 1049 690 1131 quod
713 1048 877 1111 alumnum
896 1067 1020 1132 prorsus
1044 1056 1222 1132 corrumpat
1244 1056 1275 1112 et
1294 1047 1394 1112 vitam
1412 1069 1504 1132 agere
1522 1049 1607 1114 sinat

433 1169 511 1232 quae
536 1156 627 1210 antea
648 1148 687 1211 ab
710 1169 744 1211 eo
766 1147 869 1210 aliena
891 1147 1004 1211 fuerit:

586 1306 589 1315 V
641 1240 816 1304 ἆπολώλεκας
835 1240 865 1297 τὸ
885 1241 1038 1318 μειράκιόν
1055 1264 1111 1316 μου
1128 1246 1312 1317 παραλαβών,Ι

644 1327 797 1403 ἇκάθαριε,
817 1331 864 1383 καὶ
881 1330 1017 1392 πέπεικας
1036 1327 1133 1385 ἐλθεῖν
1153 1330 1194 1391 εἰς
1211 1334 1272 1402 βίον

642 1419 785 1489 ἀλλότριον
803 1411 899 1481 adteri,
917 1419 964 1470 καὶ
982 1416 1086 1477 πότους
1106 1412 1244 1478 ἑωθινοὺς

643 1506 720 1556 πίνει
739 1499 785 1555 διὰ
804 1502 834 1556 σὲ
852 1502 910 1567 νῦν,
930 1501 1069 1577 πρότερον
1088 1505 1137 1558 οὐκ
1156 1503 1324 1565 εἰθισμένος.

432 1593 630 1675 Paedagogus
653 1580 758 1655 autem
781 1613 814 1656 se
836 1593 1000 1665 defendere
1023 1593 1152 1678 incipit:

504 1751 506 1755 ,
643 1685 738 1750 εἶτ’,εί
755 1691 915 1762 μεμάθηκε,
934 1690 1062 1761 δέσποτα,
1081 1691 1138 1759 ζῆν,
1157 1688 1300 1761 ε’γκαλεῖς;

383 1815 387 1823 -
433 1790 473 1858 et,
498 1800 568 1843 cum
591 1778 736 1843 dominus
758 1778 963 1862 quaesiverit:
987 1782 1043 1860 ζῆν
1065 1780 1094 1841 δ’
1117 1778 1188 1842 ἐστὶ
1207 1779 1244 1839 ιδ
1267 1779 1405 1856 veroid}
1430 1779 1603 1864 Epicurum

433 1871 551 1944 auxilio
574 1878 636 1943 sihi
656 1878 802 1943 arcessit:

712 1971 747 2036 ὥς
765 1974 877 2046 λέγουσι
896 1971 924 2046 γ’
942 1977 969 2030 οἱ
988 1978 1078 2044 σοφοί.

642 2057 657 2115 ὅ
675 2061 746 2132 γοῦν
765 2058 930 2137 Ἐπίκουρός
949 2081 1035 2134 φησιν
1054 2059 1128 2117 εἶναι
1148 2058 1279 2133 τάγαθὸν

643 2148 694 2221 τὴν
714 2143 816 2221 ἡδονὴν
834 2147 987 2221 δήπουθεν.

433 2239 511 2302 Ecce
533 2238 606 2309 illa.
640 2260 735 2322 quam
757 2259 851 2322 supra
873 2259 1026 2323 exponere
1049 2238 1152 2303 eonati
1174 2258 1301 2316 eumue,
1331 2235 1488 2301 doctrina:
1525 2235 1611 2300 vitae

434 2341 546 2420 finem,
578 2346 702 2423 propter
724 2359 817 2422 quem
842 2338 1001 2417 vivamus,
1025 2359 1092 2403 esse
1113 2339 1308 2424 voluptatem
1329 2358 1460 2420 eamque
1482 2357 1610 2422 semper

435 2439 548 2503 bonum
567 2459 668 2522 neque
686 2438 845 2517 interesse,
865 2438 948 2502 uude
966 2448 1132 2522 peteretur.
1163 2438 1278 2528 ¹Statim
1294 2446 1400 2501 autem
1420 2446 1511 2522 poeta
1528 2437 1608 2501 hanc

368 2596 375 2610 ,
437 2539 612 2602 doctrinam
634 2538 679 2602 ita
699 2538 789 2601 finire
812 2539 926 2617 studet,
950 2547 985 2602 ut
1007 2561 1079 2603 eum
1103 2540 1204 2603 solum
1226 2539 1366 2603 suaviter
1387 2536 1494 2602 vivere
1518 2556 1607 2620 posse

434 2640 578 2719 affirmet,
602 2638 656 2722 qui
679 2638 774 2702 simul
800 2638 895 2703 etiam
919 2636 1103 2720 παγκοίλως,
1126 2639 1182 2703 hoo
1204 2646 1252 2702 est
1275 2638 1404 2702 honeste
1427 2637 1529 2701 vivat:

650 2794 653 2798 ,
788 2732 840 2790 οὔκ
859 2737 934 2790 ἔστιν
952 2732 982 2789 δ’
1001 2735 1078 2810 ἔχειν
1521 2760 1523 2764 ⁴

643 2820 748 2894 ταύτην
768 2823 916 2897 ἑτέρωθεν,
936 2821 1016 2877 ἐκδὲ
1036 2823 1087 2878 τοῦ
1104 2823 1152 2895 ζῇν
1165 2825 1314 2894 παγκάλως

642 2909 705 2968 ἴσως
724 2901 851 2968 ἅπαντας
871 2904 998 2981 εὐτυχεῖν
1019 2908 1116 2970 δώσεις
1134 2907 1205 2983 ε’μοί.

428 2998 498 3074 ‚Hae
522 3018 643 3081 quoque
668 2997 702 3060 in
724 3018 756 3060 re
778 2996 948 3081 Epicurum
973 2999 1117 3083 sequitur
1139 3006 1239 3083 poeta,
1268 2998 1324 3082 ¹qui
1346 3019 1472 3083 prorsus
1495 2998 1604 3061 eadem

428 3099 614 3183 profitetur:
638 3119 699 3161 uon
722 3117 810 3181 posse
833 3096 968 3161 iucunde
986 3098 1064 3177 vivi,
1089 3098 1152 3163 nisi
1177 3099 1346 3184 prudenter
1368 3107 1399 3162 et
1421 3098 1549 3162 honeste
1572 3104 1604 3161 et

433 3198 514 3262 iuste
537 3197 674 3277 vivatur,
697 3218 797 3281 neque
822 3197 990 3281 prudenter
1014 3207 1046 3262 et
1067 3199 1195 3263 honeste
1217 3206 1249 3263 et
1270 3199 1360 3278 iuste,
1381 3198 1442 3263 nisi
1458 3199 1605 3264 iucunde.

515 3298 561 3361 Oi.
574 3322 601 3361 κ.
623 3296 652 3360 δ.
672 3297 699 3360 V
722 3296 825 3380 (Diog.
839 3298 872 3361 h.
893 3296 1026 3378 X140):
1050 3298 1109 3363 οδκ
1131 3301 1221 3362 ἔστιν
1243 3299 1342 3378 ἡδέως
1364 3301 1421 3383 ζῆν
1443 3294 1526 3363 σ’ίνευ
1547 3299 1607 3362 τοῦ

434 3401 600 3478 φρονίμως
630 3396 683 3459 καὶ
711 3395 815 3470 καλῶς
845 3395 899 3459 καὶ
934 3397 1066 3473 δικαίως
1094 3397 1198 3482 <code
1231 3405 1395 3483 φρονίμως
1426 3399 1480 3462 καὶ
1502 3398 1608 3471 καλῶς

431 3497 488 3559 καὶ
511 3495 667 3580 δικαίως)
695 3493 856 3559 directuri
878 3495 988 3581 ἡδέως.
1033 3495 1099 3579 ὅτῳ
1130 3499 1159 3561 δ’
1182 3502 1217 3563 ἓν
1237 3499 1362 3563 τούτων
1382 3499 1428 3583 μή
1452 3495 1603 3579 δπσίρχει,

432 3588 501 3660 οἷον
523 3599 582 3681 ζῆν
610 3600 782 3678 φρονίμως,
815 3597 870 3660 καὶ
901 3596 1006 3671 καλῶς
1038 3598 1093 3661 καὶ
1122 3598 1252 3673 δικαίως
1272 3598 1427 3680 ὑπάρχει,
1457 3597 1515 3662 ov‘x
1535 3599 1607 3662 ἔστι

395 3723 400 3732 ·
431 3700 548 3761 τοῦτον
569 3697 669 3781 ἡδέως
692 3699 757 3781 ζῆν.

515 3800 633 3863 Versus
656 3798 833 3882 fragmenti,
859 3797 914 3881 qui
937 3807 1121 3882 sequuntur,
1146 3799 1228 3864 nihil
1249 3801 1287 3864 ad
1310 3799 1547 3886 uespertinent,
1571 3806 1607 3862 ut

431 3899 469 3961 ad
492 3898 633 3962 eiusdem
656 3906 764 3984 poetae
789 3902 998 3980 fragmentum
1021 3899 1041 3964 3
1063 3898 1164 3981 (Koch
1189 3900 1236 3964 ΙΙΙ
1259 3920 1326 3984 pag.
1339 3897 1416 3979 327)
1440 3899 1604 3984 procedere

433 3999 597 4083 possimus,
619 3999 674 4063 ubi
697 3999 825 4063 eandem
850 3998 1024 4063 doctrinam
1040 3999 1132 4085 paulo
1150 3999 1278 4084 quidem
1293 3999 1448 4063 obtectam
1464 4007 1602 4063 attamen

432 4099 508 4162 satis
531 4099 726 4184 perspicuam
748 4099 944 4162 invenimus:

642 4192 704 4256 ε’ξὸν
722 4192 834 4267 γυναῖκ’
855 4196 953 4269 ἔχοντα
973 4202 1162 4250 κατακεῖσθαι
1182 4193 1270 4268 καλὴν

643 4285 690 4337 καί
707 4284 826 4354 Λεσβίου
841 4282 956 4386 {capide
975 4284 1130 4353 λαμβάνειν
1148 4282 1203 4336 δύο·

642 4364 656 4423 ὅ
675 4371 812 4443 φρόνιμος
830 4371 909 4429 οστός
927 4366 995 4436 ἐστι,
1015 4367 1098 4422 τοῦτο
1117 4365 1253 4438 τάγαθόν.
1268 4367 1296 4435 1).

505 4506 531 4573 1)
551 4506 656 4561 Kaibeii
675 4511 853 4561 coniecturam
874 4520 978 4573 sequor.
