<?xml version="1.0" encoding="UTF-8"?>
<!DOCTYPE html PUBLIC "-//W3C//DTD XHTML 1.0 Transitional//EN"
    "http://www.w3.org/TR/xhtml1/DTD/xhtml1-transitional.dtd">
<html xmlns="http://www.w3.org/1999/xhtml" xml:lang="en" lang="en">
 <head>
  <title>
</title>
<meta http-equiv="Content-Type" content="text/html;charset=utf-8" />
  <meta name='ocr-system' content='tesseract 3.04.00' />
  <meta name='ocr-capabilities' content='ocr_page ocr_carea ocr_par ocr_line ocrx_word'/>
</head>
<body>
  <div class='ocr_page' id='page_1' title='image "./periplecomenuss00rankgoog_0054.png"; bbox 0 0 4075 5717; ppageno 0'>
   <div class='ocr_carea' id='block_1_1' title="bbox 1010 693 1213 756">
    <p class='ocr_par' dir='ltr' id='par_1_1' title="bbox 1010 693 1213 756">
     <span class='ocr_line' id='line_1_1' title="bbox 1010 693 1213 756; baseline -0.005 -17"><span class='ocrx_word' id='word_1_1' title='bbox 1010 693 1213 756; x_wconf 70' lang='lat'>..52-</span> 
     </span>
    </p>
   </div>
   <div class='ocr_carea' id='block_1_2' title="bbox 515 869 1693 1050">
    <p class='ocr_par' dir='ltr' id='par_1_2' title="bbox 515 869 1693 1050">
     <span class='ocr_line' id='line_1_2' title="bbox 521 869 1693 958; baseline -0.003 -20"><span class='ocrx_word' id='word_1_2' title='bbox 521 881 580 953; x_wconf 81' lang='lat' dir='ltr'><strong>cai,</strong></span> <span class='ocrx_word' id='word_1_3' title='bbox 612 872 694 958; x_wconf 81' lang='lat' dir='ltr'><strong>quod</strong></span> <span class='ocrx_word' id='word_1_4' title='bbox 715 871 849 948; x_wconf 83' lang='lat' dir='ltr'><strong>dicitur,</strong></span> <span class='ocrx_word' id='word_1_5' title='bbox 878 873 993 935; x_wconf 80' lang='lat' dir='ltr'><strong>multoe</strong></span> <span class='ocrx_word' id='word_1_6' title='bbox 1018 870 1139 934; x_wconf 82' lang='lat' dir='ltr'><strong>modica</strong></span> <span class='ocrx_word' id='word_1_7' title='bbox 1168 870 1246 935; x_wconf 82' lang='lat' dir='ltr'><strong>salis</strong></span> <span class='ocrx_word' id='word_1_8' title='bbox 1273 870 1368 932; x_wconf 83' lang='lat' dir='ltr'><strong>cimai</strong></span> <span class='ocrx_word' id='word_1_9' title='bbox 1389 869 1525 934; x_wconf 83' lang='lat' dir='ltr'><strong>edendos</strong></span> <span class='ocrx_word' id='word_1_10' title='bbox 1547 891 1626 952; x_wconf 83' lang='lat' dir='ltr'><strong>ecee,</strong></span> <span class='ocrx_word' id='word_1_11' title='bbox 1657 877 1693 934; x_wconf 83' lang='lat' dir='ltr'><strong>at</strong></span> 
     </span>
     <span class='ocr_line' id='line_1_3' title="bbox 515 971 1057 1050; baseline -0.004 -14"><span class='ocrx_word' id='word_1_12' title='bbox 515 973 672 1037; x_wconf 72' lang='lat' dir='ltr'><strong><em>amicitiae</em></strong></span> <span class='ocrx_word' id='word_1_13' title='bbox 692 990 809 1035; x_wconf 80' lang='lat' dir='ltr'><strong>mucce</strong></span> <span class='ocrx_word' id='word_1_14' title='bbox 831 971 987 1050; x_wconf 76' lang='lat' dir='ltr'><strong>expletam</strong></span> <span class='ocrx_word' id='word_1_15' title='bbox 1007 971 1057 1034; x_wconf 81' lang='lat' dir='ltr'><strong>cit.</strong></span> 
     </span>
    </p>
   </div>
   <div class='ocr_carea' id='block_1_3' title="bbox 600 1068 1638 1255">
    <p class='ocr_par' dir='ltr' id='par_1_3' title="bbox 600 1068 1638 1255">
     <span class='ocr_line' id='line_1_4' title="bbox 600 1068 1638 1154; baseline -0.003 -18"><span class='ocrx_word' id='word_1_16' title='bbox 600 1071 713 1136; x_wconf 87' lang='lat' dir='ltr'>Tribus</span> <span class='ocrx_word' id='word_1_17' title='bbox 732 1070 808 1134; x_wconf 91' lang='lat' dir='ltr'><strong>locis</strong></span> <span class='ocrx_word' id='word_1_18' title='bbox 827 1069 909 1154; x_wconf 85' lang='lat' dir='ltr'><strong>apud</strong></span> <span class='ocrx_word' id='word_1_19' title='bbox 932 1070 1065 1134; x_wconf 91' lang='lat' dir='ltr'><strong>comicos</strong></span> <span class='ocrx_word' id='word_1_20' title='bbox 1090 1078 1195 1154; x_wconf 88' lang='lat' dir='ltr'><strong>poetas</strong></span> <span class='ocrx_word' id='word_1_21' title='bbox 1216 1068 1273 1132; x_wconf 94' lang='lat' dir='ltr'><strong>hoc</strong></span> <span class='ocrx_word' id='word_1_22' title='bbox 1297 1069 1494 1152; x_wconf 89' lang='lat' dir='ltr'><strong>proverbium</strong></span> <span class='ocrx_word' id='word_1_23' title='bbox 1520 1070 1638 1134; x_wconf 82' lang='lat' dir='ltr'><strong>inveni.</strong></span> 
     </span>
     <span class='ocr_line' id='line_1_5' title="bbox 600 1168 1507 1255; baseline -0.003 -19"><span class='ocrx_word' id='word_1_24' title='bbox 600 1172 645 1236; x_wconf 82' lang='lat' dir='ltr'><strong>Gi.</strong></span> <span class='ocrx_word' id='word_1_25' title='bbox 669 1170 780 1235; x_wconf 80' lang='lat' dir='ltr'><strong>incerti</strong></span> <span class='ocrx_word' id='word_1_26' title='bbox 803 1177 910 1255; x_wconf 87' lang='lat' dir='ltr'><strong>poetae</strong></span> <span class='ocrx_word' id='word_1_27' title='bbox 932 1172 1023 1252; x_wconf 85' lang='lat' dir='ltr'><strong>frgm.</strong></span> <span class='ocrx_word' id='word_1_28' title='bbox 1049 1170 1107 1234; x_wconf 81' lang='lat'><strong>176</strong></span> <span class='ocrx_word' id='word_1_29' title='bbox 1129 1169 1229 1251; x_wconf 83' lang='lat' dir='ltr'><strong>(Kock</strong></span> <span class='ocrx_word' id='word_1_30' title='bbox 1253 1170 1299 1232; x_wconf 85' lang='lat'><strong>111</strong></span> <span class='ocrx_word' id='word_1_31' title='bbox 1322 1190 1389 1253; x_wconf 85' lang='lat' dir='ltr'><strong>pag.</strong></span> <span class='ocrx_word' id='word_1_32' title='bbox 1412 1168 1507 1249; x_wconf 76' lang='grc'>442);</span> 
     </span>
    </p>
   </div>
   <div class='ocr_carea' id='block_1_4' title="bbox 520 1264 1694 1812">
    <p class='ocr_par' dir='ltr' id='par_1_4' title="bbox 520 1264 1694 1812">
     <span class='ocr_line' id='line_1_6' title="bbox 889 1264 1155 1341; baseline 0 -20"><span class='ocrx_word' id='word_1_33' title='bbox 889 1264 938 1322; x_wconf 82' lang='grc' dir='ltr'><strong>τὸν</strong></span> <span class='ocrx_word' id='word_1_34' title='bbox 958 1265 1155 1341; x_wconf 67' lang='grc' dir='ltr'><strong>θρυλούμενον</strong></span> 
     </span>
     <span class='ocr_line' id='line_1_7' title="bbox 728 1351 1327 1431; baseline 0.005 -23"><span class='ocrx_word' id='word_1_35' title='bbox 728 1351 802 1410; x_wconf 74' lang='lat' dir='ltr'><strong>dicia</strong></span> <span class='ocrx_word' id='word_1_36' title='bbox 819 1353 959 1428; x_wconf 72' lang='grc' dir='ltr'>μέδιμνον</span> <span class='ocrx_word' id='word_1_37' title='bbox 977 1353 1221 1427; x_wconf 70' lang='grc' dir='ltr'><em>συγκατεδηδοκὼς</em></span> <span class='ocrx_word' id='word_1_38' title='bbox 1235 1352 1327 1431; x_wconf 82' lang='grc' dir='ltr'><em>χρόνῳ</em></span> 
     </span>
     <span class='ocr_line' id='line_1_8' title="bbox 731 1442 966 1511; baseline 0 -15"><span class='ocrx_word' id='word_1_39' title='bbox 731 1442 798 1496; x_wconf 80' lang='grc' dir='ltr'><strong><em>ἔστω</em></strong></span> <span class='ocrx_word' id='word_1_40' title='bbox 816 1444 895 1511; x_wconf 75' lang='grc' dir='ltr'><strong><em>φίλος</em></strong></span> <span class='ocrx_word' id='word_1_41' title='bbox 913 1462 966 1496; x_wconf 86' lang='grc' dir='ltr'><strong><em>σοι.</em></strong></span> 
     </span>
     <span class='ocr_line' id='line_1_9' title="bbox 520 1527 1380 1617; baseline 0 -20"><span class='ocrx_word' id='word_1_42' title='bbox 520 1534 602 1597; x_wconf 84' lang='lat' dir='ltr'><strong>Tum</strong></span> <span class='ocrx_word' id='word_1_43' title='bbox 625 1532 732 1596; x_wconf 90' lang='lat' dir='ltr'><strong>incert.</strong></span> <span class='ocrx_word' id='word_1_44' title='bbox 755 1554 785 1616; x_wconf 91' lang='lat' dir='ltr'><strong>p.</strong></span> <span class='ocrx_word' id='word_1_45' title='bbox 810 1533 901 1613; x_wconf 84' lang='lat' dir='ltr'><strong>irgm.</strong></span> <span class='ocrx_word' id='word_1_46' title='bbox 921 1532 980 1594; x_wconf 76' lang='lat'><strong>271</strong></span> <span class='ocrx_word' id='word_1_47' title='bbox 1005 1527 1106 1610; x_wconf 84' lang='lat' dir='ltr'><strong>(Kook</strong></span> <span class='ocrx_word' id='word_1_48' title='bbox 1128 1533 1174 1597; x_wconf 84' lang='grc' dir='ltr'><strong>ΙΙΙ</strong></span> <span class='ocrx_word' id='word_1_49' title='bbox 1196 1554 1265 1617; x_wconf 87' lang='lat' dir='ltr'><strong>pag.</strong></span> <span class='ocrx_word' id='word_1_50' title='bbox 1288 1531 1380 1615; x_wconf 77' lang='lat'>457):</span> 
     </span>
     <span class='ocr_line' id='line_1_10' title="bbox 730 1628 1445 1709; baseline -0.003 -20"><span class='ocrx_word' id='word_1_51' title='bbox 730 1631 803 1690; x_wconf 76' lang='grc' dir='ltr'><strong>ἁλῶν</strong></span> <span class='ocrx_word' id='word_1_52' title='bbox 820 1636 961 1709; x_wconf 75' lang='grc' dir='ltr'><strong>μέδιμνον</strong></span> <span class='ocrx_word' id='word_1_53' title='bbox 979 1628 1037 1707; x_wconf 71' lang='grc' dir='ltr'><strong>ἅμα</strong></span> <span class='ocrx_word' id='word_1_54' title='bbox 1058 1629 1156 1704; x_wconf 74' lang='grc' dir='ltr'><em>φαγὼν</em></span> <span class='ocrx_word' id='word_1_55' title='bbox 1175 1633 1247 1700; x_wconf 87' lang='lat' dir='ltr'><strong>(add.</strong></span> <span class='ocrx_word' id='word_1_56' title='bbox 1267 1628 1445 1706; x_wconf 74' lang='lat' dir='ltr'><strong>dprpporei).</strong></span> 
     </span>
     <span class='ocr_line' id='line_1_11' title="bbox 523 1724 1694 1812; baseline -0.003 -20"><span class='ocrx_word' id='word_1_57' title='bbox 523 1727 664 1812; x_wconf 90' lang='lat' dir='ltr'><strong>Denique</strong></span> <span class='ocrx_word' id='word_1_58' title='bbox 686 1727 769 1812; x_wconf 90' lang='lat' dir='ltr'><strong>apud</strong></span> <span class='ocrx_word' id='word_1_59' title='bbox 791 1726 938 1789; x_wconf 87' lang='lat' dir='ltr'><strong>Plautum</strong></span> <span class='ocrx_word' id='word_1_60' title='bbox 956 1724 1086 1788; x_wconf 85' lang='lat' dir='ltr'><strong>Casinae</strong></span> <span class='ocrx_word' id='word_1_61' title='bbox 1107 1746 1136 1787; x_wconf 89' lang='lat' dir='ltr'><strong>v.</strong></span> <span class='ocrx_word' id='word_1_62' title='bbox 1150 1724 1211 1788; x_wconf 87' lang='grc'><strong>538</strong></span> <span class='ocrx_word' id='word_1_63' title='bbox 1234 1724 1405 1789; x_wconf 79' lang='lat' dir='ltr'><strong>Cleostrata</strong></span> <span class='ocrx_word' id='word_1_64' title='bbox 1426 1724 1459 1789; x_wconf 93' lang='lat' dir='ltr'><strong>in</strong></span> <span class='ocrx_word' id='word_1_65' title='bbox 1482 1724 1588 1788; x_wconf 89' lang='lat' dir='ltr'><strong>mariti</strong></span> <span class='ocrx_word' id='word_1_66' title='bbox 1611 1724 1694 1789; x_wconf 91' lang='lat' dir='ltr'><strong>ami-</strong></span> 
     </span>
    </p>
   </div>
   <div class='ocr_carea' id='block_1_5' title="bbox 523 1825 1517 2169">
    <p class='ocr_par' dir='ltr' id='par_1_5' title="bbox 523 1825 1517 2169">
     <span class='ocr_line' id='line_1_12' title="bbox 523 1825 1264 1912; baseline -0.004 -19"><span class='ocrx_word' id='word_1_67' title='bbox 523 1850 595 1893; x_wconf 90' lang='lat' dir='ltr'><strong>cum</strong></span> <span class='ocrx_word' id='word_1_68' title='bbox 617 1827 770 1893; x_wconf 91' lang='lat' dir='ltr'><strong>invehens</strong></span> <span class='ocrx_word' id='word_1_69' title='bbox 792 1828 850 1892; x_wconf 90' lang='lat' dir='ltr'><strong>hoc</strong></span> <span class='ocrx_word' id='word_1_70' title='bbox 873 1825 1071 1912; x_wconf 86' lang='lat' dir='ltr'><strong>proverbium</strong></span> <span class='ocrx_word' id='word_1_71' title='bbox 1095 1825 1264 1907; x_wconf 81' lang='lat' dir='ltr'><strong>significat:</strong></span> 
     </span>
     <span class='ocr_line' id='line_1_13' title="bbox 663 1925 1517 1995; baseline -0.002 -15"><span class='ocrx_word' id='word_1_72' title='bbox 663 1927 714 1981; x_wconf 88' lang='lat' dir='ltr'><strong>Sed</strong></span> <span class='ocrx_word' id='word_1_73' title='bbox 734 1942 823 1987; x_wconf 89' lang='lat' dir='ltr'><strong>eccum</strong></span> <span class='ocrx_word' id='word_1_74' title='bbox 843 1926 978 1995; x_wconf 82' lang='lat' dir='ltr'><strong>egreditur</strong></span> <span class='ocrx_word' id='word_1_75' title='bbox 996 1926 1082 1979; x_wconf 89' lang='lat' dir='ltr'><strong>senati</strong></span> <span class='ocrx_word' id='word_1_76' title='bbox 1103 1925 1232 1991; x_wconf 81' lang='lat' dir='ltr'>columen,</span> <span class='ocrx_word' id='word_1_77' title='bbox 1251 1925 1415 1993; x_wconf 80' lang='lat' dir='ltr'><strong><em>praesidium</em></strong></span> <span class='ocrx_word' id='word_1_78' title='bbox 1435 1925 1517 1994; x_wconf 86' lang='lat' dir='ltr'>popli,</span> 
     </span>
     <span class='ocr_line' id='line_1_14' title="bbox 662 2012 1494 2081; baseline -0.002 -14"><span class='ocrx_word' id='word_1_79' title='bbox 662 2015 736 2067; x_wconf 84' lang='lat' dir='ltr'><strong>Meus</strong></span> <span class='ocrx_word' id='word_1_80' title='bbox 755 2014 867 2078; x_wconf 83' lang='lat' dir='ltr'><strong>uicinus,</strong></span> <span class='ocrx_word' id='word_1_81' title='bbox 892 2029 949 2066; x_wconf 90' lang='lat' dir='ltr'><strong>meo</strong></span> <span class='ocrx_word' id='word_1_82' title='bbox 968 2013 1024 2065; x_wconf 88' lang='lat' dir='ltr'><strong>viro</strong></span> <span class='ocrx_word' id='word_1_83' title='bbox 1044 2013 1089 2080; x_wconf 93' lang='lat' dir='ltr'><strong>qui</strong></span> <span class='ocrx_word' id='word_1_84' title='bbox 1110 2012 1221 2065; x_wconf 86' lang='lat' dir='ltr'><strong>liberum</strong></span> <span class='ocrx_word' id='word_1_85' title='bbox 1242 2012 1380 2081; x_wconf 80' lang='lat' dir='ltr'><strong>praehibet</strong></span> <span class='ocrx_word' id='word_1_86' title='bbox 1398 2013 1494 2077; x_wconf 87' lang='lat' dir='ltr'><strong>locum,</strong></span> 
     </span>
     <span class='ocr_line' id='line_1_15' title="bbox 572 2098 1467 2169; baseline -0.004 -14"><span class='ocrx_word' id='word_1_87' title='bbox 572 2132 575 2137; x_wconf 59' lang='lat'><em>&lt;</em></span> <span class='ocrx_word' id='word_1_88' title='bbox 664 2103 723 2155; x_wconf 90' lang='lat' dir='ltr'><strong>Non</strong></span> <span class='ocrx_word' id='word_1_89' title='bbox 745 2106 849 2155; x_wconf 83' lang='lat' dir='ltr'><strong>ecastor</strong></span> <span class='ocrx_word' id='word_1_90' title='bbox 868 2101 928 2153; x_wconf 90' lang='lat' dir='ltr'><strong>vilis</strong></span> <span class='ocrx_word' id='word_1_91' title='bbox 947 2104 1065 2169; x_wconf 87' lang='lat' dir='ltr'><strong>emptust</strong></span> <span class='ocrx_word' id='word_1_92' title='bbox 1083 2099 1188 2151; x_wconf 91' lang='lat' dir='ltr'><strong>modius</strong></span> <span class='ocrx_word' id='word_1_93' title='bbox 1208 2100 1253 2167; x_wconf 92' lang='lat' dir='ltr'><strong>qui</strong></span> <span class='ocrx_word' id='word_1_94' title='bbox 1271 2100 1344 2152; x_wconf 79' lang='lat' dir='ltr'><strong>venit</strong></span> <span class='ocrx_word' id='word_1_95' title='bbox 1362 2099 1435 2152; x_wconf 82' lang='lat' dir='ltr'><strong>salis,</strong></span> <span class='ocrx_word' id='word_1_96' title='bbox 1447 2098 1467 2165; x_wconf 91' lang='lat'><strong>¹)</strong></span> 
     </span>
    </p>
   </div>
   <div class='ocr_carea' id='block_1_6' title="bbox 526 2185 1697 3073">
    <p class='ocr_par' dir='ltr' id='par_1_6' title="bbox 526 2185 1697 2976">
     <span class='ocr_line' id='line_1_16' title="bbox 610 2185 1696 2272; baseline -0.004 -19"><span class='ocrx_word' id='word_1_97' title='bbox 610 2189 726 2254; x_wconf 84' lang='lat' dir='ltr'><strong>Eodem</strong></span> <span class='ocrx_word' id='word_1_98' title='bbox 748 2189 853 2267; x_wconf 83' lang='lat' dir='ltr'><strong>modo,</strong></span> <span class='ocrx_word' id='word_1_99' title='bbox 879 2209 939 2272; x_wconf 93' lang='lat' dir='ltr'><strong>quo</strong></span> <span class='ocrx_word' id='word_1_100' title='bbox 961 2209 1000 2251; x_wconf 90' lang='lat' dir='ltr'><strong>ne</strong></span> <span class='ocrx_word' id='word_1_101' title='bbox 1023 2187 1119 2250; x_wconf 92' lang='lat' dir='ltr'><strong>nimis</strong></span> <span class='ocrx_word' id='word_1_102' title='bbox 1142 2194 1259 2250; x_wconf 88' lang='lat' dir='ltr'><strong>temere</strong></span> <span class='ocrx_word' id='word_1_103' title='bbox 1281 2207 1376 2250; x_wconf 89' lang='lat' dir='ltr'><strong>novos</strong></span> <span class='ocrx_word' id='word_1_104' title='bbox 1397 2185 1514 2249; x_wconf 89' lang='lat' dir='ltr'><strong>amicos</strong></span> <span class='ocrx_word' id='word_1_105' title='bbox 1537 2185 1598 2250; x_wconf 90' lang='lat' dir='ltr'><strong>sibi</strong></span> <span class='ocrx_word' id='word_1_106' title='bbox 1621 2207 1696 2250; x_wconf 92' lang='lat' dir='ltr'><strong>oon·</strong></span> 
     </span>
     <span class='ocr_line' id='line_1_17' title="bbox 526 2285 1695 2371; baseline -0.003 -17"><span class='ocrx_word' id='word_1_107' title='bbox 526 2289 679 2370; x_wconf 88' lang='lat' dir='ltr'><strong>ciliarent,</strong></span> <span class='ocrx_word' id='word_1_108' title='bbox 702 2288 844 2353; x_wconf 91' lang='lat' dir='ltr'><strong>homiues</strong></span> <span class='ocrx_word' id='word_1_109' title='bbox 867 2288 1036 2353; x_wconf 89' lang='lat' dir='ltr'><strong>mouebant</strong></span> <span class='ocrx_word' id='word_1_110' title='bbox 1052 2285 1264 2371; x_wconf 80' lang='lat' dir='ltr'><strong>Peripatetici,</strong></span> <span class='ocrx_word' id='word_1_111' title='bbox 1286 2286 1402 2350; x_wconf 90' lang='lat' dir='ltr'><strong>amicos</strong></span> <span class='ocrx_word' id='word_1_112' title='bbox 1424 2293 1545 2350; x_wconf 87' lang='lat' dir='ltr'><strong>veteres</strong></span> <span class='ocrx_word' id='word_1_113' title='bbox 1567 2307 1695 2351; x_wconf 82' lang='lat' dir='ltr'><strong>servan·</strong></span> 
     </span>
     <span class='ocr_line' id='line_1_18' title="bbox 526 2385 1696 2473; baseline -0.004 -19"><span class='ocrx_word' id='word_1_114' title='bbox 526 2391 580 2455; x_wconf 94' lang='lat' dir='ltr'><strong>dos</strong></span> <span class='ocrx_word' id='word_1_115' title='bbox 602 2398 695 2473; x_wconf 89' lang='lat' dir='ltr'><strong>atque</strong></span> <span class='ocrx_word' id='word_1_116' title='bbox 715 2388 894 2453; x_wconf 89' lang='lat' dir='ltr'><strong>retinendos</strong></span> <span class='ocrx_word' id='word_1_117' title='bbox 913 2395 943 2450; x_wconf 91' lang='lat' dir='ltr'><strong>et</strong></span> <span class='ocrx_word' id='word_1_118' title='bbox 964 2386 1121 2451; x_wconf 85' lang='lat' dir='ltr'><strong>amicitias</strong></span> <span class='ocrx_word' id='word_1_119' title='bbox 1142 2392 1262 2449; x_wconf 87' lang='lat' dir='ltr'><strong>veteres</strong></span> <span class='ocrx_word' id='word_1_120' title='bbox 1281 2385 1414 2469; x_wconf 90' lang='lat' dir='ltr'><strong>optimas</strong></span> <span class='ocrx_word' id='word_1_121' title='bbox 1429 2385 1696 2469; x_wconf 83' lang='lat' dir='ltr'><strong>suavissimasque</strong></span> 
     </span>
     <span class='ocr_line' id='line_1_19' title="bbox 526 2484 1695 2570; baseline -0.004 -16"><span class='ocrx_word' id='word_1_122' title='bbox 526 2511 593 2555; x_wconf 90' lang='lat' dir='ltr'><strong>esse</strong></span> <span class='ocrx_word' id='word_1_123' title='bbox 616 2489 851 2554; x_wconf 89' lang='lat' dir='ltr'><strong>contendebant.</strong></span> <span class='ocrx_word' id='word_1_124' title='bbox 896 2488 1002 2552; x_wconf 82' lang='lat' dir='ltr'><strong>Cicero</strong></span> <span class='ocrx_word' id='word_1_125' title='bbox 1024 2488 1100 2567; x_wconf 89' lang='lat' dir='ltr'><strong>loco,</strong></span> <span class='ocrx_word' id='word_1_126' title='bbox 1124 2507 1216 2570; x_wconf 92' lang='lat' dir='ltr'><strong>quem</strong></span> <span class='ocrx_word' id='word_1_127' title='bbox 1237 2485 1329 2570; x_wconf 93' lang='lat' dir='ltr'><strong>paulo</strong></span> <span class='ocrx_word' id='word_1_128' title='bbox 1347 2494 1419 2549; x_wconf 90' lang='lat' dir='ltr'><strong>ante</strong></span> <span class='ocrx_word' id='word_1_129' title='bbox 1442 2484 1475 2549; x_wconf 91' lang='lat' dir='ltr'><strong>in</strong></span> <span class='ocrx_word' id='word_1_130' title='bbox 1497 2485 1559 2549; x_wconf 90' lang='lat' dir='ltr'><strong>alio</strong></span> <span class='ocrx_word' id='word_1_131' title='bbox 1575 2506 1695 2549; x_wconf 88' lang='lat' dir='ltr'><strong>conexu</strong></span> 
     </span>
     <span class='ocr_line' id='line_1_20' title="bbox 526 2585 1696 2670; baseline -0.003 -16"><span class='ocrx_word' id='word_1_132' title='bbox 526 2590 706 2670; x_wconf 76' lang='lat' dir='ltr'><strong>attulimuS‚</strong></span> <span class='ocrx_word' id='word_1_133' title='bbox 736 2610 807 2652; x_wconf 93' lang='lat' dir='ltr'><strong>cum</strong></span> <span class='ocrx_word' id='word_1_134' title='bbox 829 2588 901 2652; x_wconf 83' lang='lat' dir='ltr'><strong>vino</strong></span> <span class='ocrx_word' id='word_1_135' title='bbox 925 2588 1085 2651; x_wconf 82' lang='lat' dir='ltr'><strong>conserens</strong></span> <span class='ocrx_word' id='word_1_136' title='bbox 1114 2585 1284 2649; x_wconf 86' lang='lat' dir='ltr'><strong>amicitiam</strong></span> <span class='ocrx_word' id='word_1_137' title='bbox 1310 2593 1344 2649; x_wconf 93' lang='lat' dir='ltr'><strong>ut</strong></span> <span class='ocrx_word' id='word_1_138' title='bbox 1366 2585 1441 2649; x_wconf 87' lang='lat' dir='ltr'><strong>vina</strong></span> <span class='ocrx_word' id='word_1_139' title='bbox 1463 2585 1630 2649; x_wconf 88' lang='lat' dir='ltr'><strong>veterrima</strong></span> <span class='ocrx_word' id='word_1_140' title='bbox 1651 2585 1696 2650; x_wconf 85' lang='lat' dir='ltr'><strong>ita</strong></span> 
     </span>
     <span class='ocr_line' id='line_1_21' title="bbox 527 2685 1696 2770; baseline -0.004 -16"><span class='ocrx_word' id='word_1_141' title='bbox 527 2691 622 2754; x_wconf 91' lang='lat' dir='ltr'><strong>etiam</strong></span> <span class='ocrx_word' id='word_1_142' title='bbox 644 2688 801 2753; x_wconf 87' lang='lat' dir='ltr'><strong>amicitias</strong></span> <span class='ocrx_word' id='word_1_143' title='bbox 822 2687 1004 2751; x_wconf 89' lang='lat' dir='ltr'><strong>veterrimas</strong></span> <span class='ocrx_word' id='word_1_144' title='bbox 1033 2685 1236 2749; x_wconf 87' lang='lat' dir='ltr'><strong>suavissimas</strong></span> <span class='ocrx_word' id='word_1_145' title='bbox 1259 2685 1428 2748; x_wconf 85' lang='lat' dir='ltr'><strong>existimat.</strong></span> <span class='ocrx_word' id='word_1_146' title='bbox 1472 2685 1516 2750; x_wconf 91' lang='lat' dir='ltr'><strong>Ut</strong></span> <span class='ocrx_word' id='word_1_147' title='bbox 1539 2694 1696 2770; x_wconf 84' lang='lat' dir='ltr'><strong>repetam:</strong></span> 
     </span>
     <span class='ocr_line' id='line_1_22' title="bbox 527 2784 1697 2871; baseline -0.004 -18"><span class='ocrx_word' id='word_1_148' title='bbox 527 2789 680 2854; x_wconf 84' lang='lat' dir='ltr'><strong>Amicitia</strong></span> <span class='ocrx_word' id='word_1_149' title='bbox 702 2789 869 2852; x_wconf 84' lang='lat' dir='ltr'><strong>veterrima</strong></span> <span class='ocrx_word' id='word_1_150' title='bbox 893 2807 1031 2871; x_wconf 80' lang='lat' dir='ltr'><strong>quaeque</strong></span> <span class='ocrx_word' id='word_1_151' title='bbox 1052 2793 1087 2848; x_wconf 87' lang='lat' dir='ltr'><strong>at</strong></span> <span class='ocrx_word' id='word_1_152' title='bbox 1109 2806 1145 2848; x_wconf 85' lang='lat' dir='ltr'><strong>ec</strong></span> <span class='ocrx_word' id='word_1_153' title='bbox 1167 2786 1252 2863; x_wconf 82' lang='lat' dir='ltr'><strong>cicc,</strong></span> <span class='ocrx_word' id='word_1_154' title='bbox 1275 2805 1356 2865; x_wconf 76' lang='lat' dir='ltr'><strong>prece</strong></span> <span class='ocrx_word' id='word_1_155' title='bbox 1376 2791 1555 2848; x_wconf 80' lang='lat' dir='ltr'><strong>vetustatem</strong></span> <span class='ocrx_word' id='word_1_156' title='bbox 1576 2784 1697 2866; x_wconf 80' lang='lat' dir='ltr'><strong>ferant,</strong></span> 
     </span>
     <span class='ocr_line' id='line_1_23' title="bbox 528 2887 927 2976; baseline -0.023 -20"><span class='ocrx_word' id='word_1_157' title='bbox 528 2911 592 2956; x_wconf 84' lang='lat' dir='ltr'><strong>csse</strong></span> <span class='ocrx_word' id='word_1_158' title='bbox 615 2889 707 2976; x_wconf 19' lang='lat' dir='ltr'><strong>debet,</strong></span> <span class='ocrx_word' id='word_1_159' title='bbox 724 2887 927 2952; x_wconf 81' lang='lat' dir='ltr'><strong>suavissima.</strong></span> 
     </span>
    </p>

    <p class='ocr_par' dir='ltr' id='par_1_7' title="bbox 613 2984 1696 3073">
     <span class='ocr_line' id='line_1_24' title="bbox 613 2984 1696 3073; baseline -0.006 -19"><span class='ocrx_word' id='word_1_160' title='bbox 613 2992 710 3067; x_wconf 86' lang='lat' dir='ltr'><strong>Quam</strong></span> <span class='ocrx_word' id='word_1_161' title='bbox 729 2986 915 3073; x_wconf 88' lang='lat' dir='ltr'><strong>sapientiam</strong></span> <span class='ocrx_word' id='word_1_162' title='bbox 932 3007 970 3049; x_wconf 80' lang='lat' dir='ltr'><strong>eu</strong></span> <span class='ocrx_word' id='word_1_163' title='bbox 981 2985 1188 3070; x_wconf 88' lang='lat' dir='ltr'><strong>Theophrasti</strong></span> <span class='ocrx_word' id='word_1_164' title='bbox 1211 2985 1290 3050; x_wconf 93' lang='lat' dir='ltr'><strong>libro</strong></span> <span class='ocrx_word' id='word_1_165' title='bbox 1310 3006 1376 3050; x_wconf 88' lang='lat' dir='ltr'><strong>esse</strong></span> <span class='ocrx_word' id='word_1_166' title='bbox 1393 2985 1609 3069; x_wconf 88' lang='lat' dir='ltr'><strong>depromptam</strong></span> <span class='ocrx_word' id='word_1_167' title='bbox 1632 2984 1696 3048; x_wconf 93' lang='lat' dir='ltr'><strong>iam</strong></span> 
     </span>
    </p>
   </div>
   <div class='ocr_carea' id='block_1_7' title="bbox 528 3084 1697 3544">
    <p class='ocr_par' dir='ltr' id='par_1_8' title="bbox 528 3084 1697 3544">
     <span class='ocr_line' id='line_1_25' title="bbox 529 3084 1449 3175; baseline -0.008 -21"><span class='ocrx_word' id='word_1_168' title='bbox 529 3091 602 3156; x_wconf 89' lang='lat' dir='ltr'><strong>inde</strong></span> <span class='ocrx_word' id='word_1_169' title='bbox 624 3096 760 3175; x_wconf 80' lang='lat' dir='ltr'><strong>apparet,</strong></span> <span class='ocrx_word' id='word_1_170' title='bbox 784 3087 864 3171; x_wconf 93' lang='lat' dir='ltr'><strong>quod</strong></span> <span class='ocrx_word' id='word_1_171' title='bbox 886 3085 992 3150; x_wconf 88' lang='lat' dir='ltr'><strong>statim</strong></span> <span class='ocrx_word' id='word_1_172' title='bbox 1019 3085 1161 3164; x_wconf 90' lang='lat' dir='ltr'><strong>„modius</strong></span> <span class='ocrx_word' id='word_1_173' title='bbox 1184 3084 1278 3150; x_wconf 86' lang='lat' dir='ltr'><strong>salis“</strong></span> <span class='ocrx_word' id='word_1_174' title='bbox 1300 3085 1449 3171; x_wconf 92' lang='lat' dir='ltr'><strong>sequitur.</strong></span> 
     </span>
     <span class='ocr_line' id='line_1_26' title="bbox 612 3182 1695 3271; baseline -0.003 -18"><span class='ocrx_word' id='word_1_175' title='bbox 612 3188 703 3254; x_wconf 88' lang='lat' dir='ltr'><strong>Haud</strong></span> <span class='ocrx_word' id='word_1_176' title='bbox 725 3193 812 3251; x_wconf 90' lang='lat' dir='ltr'><strong>secus</strong></span> <span class='ocrx_word' id='word_1_177' title='bbox 835 3186 1032 3271; x_wconf 82' lang='lat' dir='ltr'><strong>Antiphanes</strong></span> <span class='ocrx_word' id='word_1_178' title='bbox 1056 3184 1133 3248; x_wconf 90' lang='lat' dir='ltr'><strong>dicit</strong></span> <span class='ocrx_word' id='word_1_179' title='bbox 1154 3187 1244 3268; x_wconf 87' lang='lat' dir='ltr'><strong>frgm.</strong></span> <span class='ocrx_word' id='word_1_180' title='bbox 1268 3186 1328 3249; x_wconf 84' lang='lat'><strong>333</strong></span> <span class='ocrx_word' id='word_1_181' title='bbox 1348 3184 1447 3266; x_wconf 88' lang='lat' dir='ltr'><strong>(Kock</strong></span> <span class='ocrx_word' id='word_1_182' title='bbox 1470 3186 1499 3249; x_wconf 90' lang='grc' dir='ltr'><strong>ΙΙ</strong></span> <span class='ocrx_word' id='word_1_183' title='bbox 1521 3207 1590 3270; x_wconf 83' lang='lat' dir='ltr'><strong>pag.</strong></span> <span class='ocrx_word' id='word_1_184' title='bbox 1606 3182 1695 3266; x_wconf 84' lang='lat'>135):</span> 
     </span>
     <span class='ocr_line' id='line_1_27' title="bbox 724 3280 1299 3355; baseline -0.002 -17"><span class='ocrx_word' id='word_1_185' title='bbox 724 3286 753 3338; x_wconf 83' lang='lat' dir='ltr'><strong>ci</strong></span> <span class='ocrx_word' id='word_1_186' title='bbox 771 3284 835 3338; x_wconf 82' lang='grc' dir='ltr'><em>νέαι</em></span> <span class='ocrx_word' id='word_1_187' title='bbox 854 3286 945 3353; x_wconf 79' lang='grc' dir='ltr'><strong><em>φιλίαι</em></strong></span> <span class='ocrx_word' id='word_1_188' title='bbox 965 3280 1120 3354; x_wconf 66' lang='grc' dir='ltr'><em>ἀναγκαῖαι</em></span> <span class='ocrx_word' id='word_1_189' title='bbox 1138 3282 1202 3355; x_wconf 81' lang='grc' dir='ltr'><em>μέν,</em></span> <span class='ocrx_word' id='word_1_190' title='bbox 1221 3285 1250 3336; x_wconf 86' lang='grc' dir='ltr'><strong>αἱ</strong></span> <span class='ocrx_word' id='word_1_191' title='bbox 1269 3283 1299 3337; x_wconf 78' lang='lat' dir='ltr'><strong>di</strong></span> 
     </span>
     <span class='ocr_line' id='line_1_28' title="bbox 722 3366 1086 3442; baseline 0 -18"><span class='ocrx_word' id='word_1_192' title='bbox 722 3372 839 3424; x_wconf 80' lang='grc' dir='ltr'><strong><em>παλαιαὶ</em></strong></span> <span class='ocrx_word' id='word_1_193' title='bbox 856 3366 1086 3442; x_wconf 68' lang='grc' dir='ltr'><strong><em>ἀναγκαιότεραι.</em></strong></span> 
     </span>
     <span class='ocr_line' id='line_1_29' title="bbox 528 3457 1697 3544; baseline -0.002 -22"><span class='ocrx_word' id='word_1_194' title='bbox 528 3459 610 3522; x_wconf 87' lang='lat' dir='ltr'><strong>Tum</strong></span> <span class='ocrx_word' id='word_1_195' title='bbox 639 3459 761 3539; x_wconf 88' lang='lat' dir='ltr'><strong>videas,</strong></span> <span class='ocrx_word' id='word_1_196' title='bbox 796 3481 889 3544; x_wconf 90' lang='lat' dir='ltr'><strong>quem</strong></span> <span class='ocrx_word' id='word_1_197' title='bbox 919 3459 957 3522; x_wconf 91' lang='lat' dir='ltr'><strong>ad</strong></span> <span class='ocrx_word' id='word_1_198' title='bbox 987 3459 1114 3523; x_wconf 91' lang='lat' dir='ltr'><strong>modum</strong></span> <span class='ocrx_word' id='word_1_199' title='bbox 1143 3459 1226 3543; x_wconf 89' lang='lat' dir='ltr'><strong>apud</strong></span> <span class='ocrx_word' id='word_1_200' title='bbox 1257 3457 1403 3521; x_wconf 90' lang='lat' dir='ltr'><strong>Plautum</strong></span> <span class='ocrx_word' id='word_1_201' title='bbox 1427 3457 1552 3521; x_wconf 86' lang='lat' dir='ltr'><strong>Trucul.</strong></span> <span class='ocrx_word' id='word_1_202' title='bbox 1582 3479 1611 3521; x_wconf 92' lang='lat' dir='ltr'><strong>v.</strong></span> <span class='ocrx_word' id='word_1_203' title='bbox 1638 3458 1697 3520; x_wconf 88' lang='grc'><strong>169</strong></span> 
     </span>
    </p>
   </div>
   <div class='ocr_carea' id='block_1_8' title="bbox 447 3560 1697 3987">
    <p class='ocr_par' dir='ltr' id='par_1_9' title="bbox 447 3560 1697 3987">
     <span class='ocr_line' id='line_1_30' title="bbox 447 3560 1235 3645; baseline 0 -23"><span class='ocrx_word' id='word_1_204' title='bbox 447 3563 452 3572; x_wconf 82' lang='grc'><strong><em>’</em></strong></span> <span class='ocrx_word' id='word_1_205' title='bbox 528 3565 648 3623; x_wconf 91' lang='lat' dir='ltr'><strong>amator</strong></span> <span class='ocrx_word' id='word_1_206' title='bbox 671 3568 701 3623; x_wconf 90' lang='lat' dir='ltr'><strong>et</strong></span> <span class='ocrx_word' id='word_1_207' title='bbox 723 3560 843 3624; x_wconf 91' lang='lat' dir='ltr'><strong>amicus</strong></span> <span class='ocrx_word' id='word_1_208' title='bbox 865 3561 948 3623; x_wconf 89' lang='lat' dir='ltr'><strong>inter</strong></span> <span class='ocrx_word' id='word_1_209' title='bbox 970 3581 1002 3623; x_wconf 92' lang='lat' dir='ltr'><strong>se</strong></span> <span class='ocrx_word' id='word_1_210' title='bbox 1024 3567 1235 3645; x_wconf 87' lang='lat' dir='ltr'><strong>opponantur:</strong></span> 
     </span>
     <span class='ocr_line' id='line_1_31' title="bbox 529 3640 1697 3728; baseline -0.004 -17"><span class='ocrx_word' id='word_1_211' title='bbox 529 3655 717 3726; x_wconf 75' lang='lat' dir='ltr'><strong>Astaphium:</strong></span> <span class='ocrx_word' id='word_1_212' title='bbox 737 3661 847 3713; x_wconf 85' lang='lat' dir='ltr'><strong>Amator</strong></span> <span class='ocrx_word' id='word_1_213' title='bbox 861 3660 973 3712; x_wconf 90' lang='lat' dir='ltr'><strong>similest</strong></span> <span class='ocrx_word' id='word_1_214' title='bbox 986 3659 1078 3728; x_wconf 88' lang='lat' dir='ltr'><strong>oppidi</strong></span> <span class='ocrx_word' id='word_1_215' title='bbox 1093 3659 1206 3712; x_wconf 90' lang='lat' dir='ltr'><strong>hostilis.</strong></span> <span class='ocrx_word' id='word_1_216' title='bbox 1242 3653 1430 3708; x_wconf 82' lang='lat' dir='ltr'><strong>Diniarchus:</strong></span> <span class='ocrx_word' id='word_1_217' title='bbox 1450 3654 1507 3717; x_wconf 88' lang='lat' dir='ltr'><strong>Quo</strong></span> <span class='ocrx_word' id='word_1_218' title='bbox 1521 3640 1697 3721; x_wconf 69' lang='lat' dir='ltr'><strong>argumento?</strong></span> 
     </span>
     <span class='ocr_line' id='line_1_32' title="bbox 529 3743 1542 3815; baseline -0.006 -17"><span class='ocrx_word' id='word_1_219' title='bbox 529 3743 608 3798; x_wconf 59' lang='lat' dir='ltr'><strong>Asta</strong></span> <span class='ocrx_word' id='word_1_220' title='bbox 634 3745 716 3808; x_wconf 87' lang='lat' dir='ltr'><strong>Quam</strong></span> <span class='ocrx_word' id='word_1_221' title='bbox 737 3747 849 3815; x_wconf 89' lang='lat' dir='ltr'><strong>primum</strong></span> <span class='ocrx_word' id='word_1_222' title='bbox 870 3747 1016 3814; x_wconf 82' lang='lat' dir='ltr'><strong>expugnari</strong></span> <span class='ocrx_word' id='word_1_223' title='bbox 1038 3747 1115 3814; x_wconf 78' lang='lat' dir='ltr'><strong>potis,</strong></span> <span class='ocrx_word' id='word_1_224' title='bbox 1134 3749 1187 3797; x_wconf 86' lang='lat' dir='ltr'><strong>tam</strong></span> <span class='ocrx_word' id='word_1_225' title='bbox 1207 3744 1233 3796; x_wconf 93' lang='lat' dir='ltr'><strong>id</strong></span> <span class='ocrx_word' id='word_1_226' title='bbox 1253 3747 1417 3812; x_wconf 90' lang='lat' dir='ltr'><strong>optumumst</strong></span> <span class='ocrx_word' id='word_1_227' title='bbox 1434 3743 1542 3794; x_wconf 88' lang='lat' dir='ltr'><strong>amicae.</strong></span> 
     </span>
     <span class='ocr_line' id='line_1_33' title="bbox 548 3829 1467 3900; baseline -0.003 -17"><span class='ocrx_word' id='word_1_228' title='bbox 548 3829 608 3884; x_wconf 74' lang='lat' dir='ltr'><strong>Di:</strong></span> <span class='ocrx_word' id='word_1_229' title='bbox 633 3831 689 3900; x_wconf 83' lang='lat' dir='ltr'><strong>Ego</strong></span> <span class='ocrx_word' id='word_1_230' title='bbox 705 3832 799 3898; x_wconf 86' lang='lat' dir='ltr'><strong>fateor,</strong></span> <span class='ocrx_word' id='word_1_231' title='bbox 819 3832 864 3884; x_wconf 91' lang='lat' dir='ltr'><strong>scd</strong></span> <span class='ocrx_word' id='word_1_232' title='bbox 883 3832 962 3900; x_wconf 82' lang='lat' dir='ltr'><strong>longe</strong></span> <span class='ocrx_word' id='word_1_233' title='bbox 981 3833 1059 3884; x_wconf 90' lang='lat' dir='ltr'><strong>aliter</strong></span> <span class='ocrx_word' id='word_1_234' title='bbox 1076 3838 1117 3884; x_wconf 90' lang='lat' dir='ltr'><strong>est</strong></span> <span class='ocrx_word' id='word_1_235' title='bbox 1135 3832 1235 3883; x_wconf 88' lang='lat' dir='ltr'><strong>amicus</strong></span> <span class='ocrx_word' id='word_1_236' title='bbox 1255 3835 1334 3898; x_wconf 89' lang='lat' dir='ltr'><strong>atque</strong></span> <span class='ocrx_word' id='word_1_237' title='bbox 1353 3834 1467 3881; x_wconf 85' lang='lat' dir='ltr'><strong>amator:</strong></span> 
     </span>
     <span class='ocr_line' id='line_1_34' title="bbox 635 3916 1581 3987; baseline -0.005 -17"><span class='ocrx_word' id='word_1_238' title='bbox 635 3916 711 3971; x_wconf 80' lang='lat' dir='ltr'><strong>Certe</strong></span> <span class='ocrx_word' id='word_1_239' title='bbox 728 3918 815 3971; x_wconf 90' lang='lat' dir='ltr'><strong>hercle</strong></span> <span class='ocrx_word' id='word_1_240' title='bbox 834 3935 912 3987; x_wconf 87' lang='lat' dir='ltr'><strong>quam</strong></span> <span class='ocrx_word' id='word_1_241' title='bbox 932 3924 1105 3984; x_wconf 85' lang='lat' dir='ltr'><strong>veterrumus,</strong></span> <span class='ocrx_word' id='word_1_242' title='bbox 1125 3923 1178 3971; x_wconf 87' lang='lat' dir='ltr'><strong>tam</strong></span> <span class='ocrx_word' id='word_1_243' title='bbox 1198 3917 1297 3970; x_wconf 91' lang='lat' dir='ltr'><strong>homini</strong></span> <span class='ocrx_word' id='word_1_244' title='bbox 1317 3920 1454 3984; x_wconf 86' lang='lat' dir='ltr'><strong>optumust</strong></span> <span class='ocrx_word' id='word_1_245' title='bbox 1472 3916 1581 3967; x_wconf 89' lang='lat' dir='ltr'><strong>amicus.</strong></span> 
     </span>
    </p>
   </div>
   <div class='ocr_carea' id='block_1_9' title="bbox 532 4000 1700 4487">
    <p class='ocr_par' dir='ltr' id='par_1_10' title="bbox 532 4000 1700 4487">
     <span class='ocr_line' id='line_1_35' title="bbox 615 4000 1699 4090; baseline -0.003 -23"><span class='ocrx_word' id='word_1_246' title='bbox 615 4003 777 4090; x_wconf 84' lang='lat' dir='ltr'><strong>Optimum</strong></span> <span class='ocrx_word' id='word_1_247' title='bbox 807 4005 971 4079; x_wconf 78' lang='lat' dir='ltr'><strong>uinculum</strong></span> <span class='ocrx_word' id='word_1_248' title='bbox 1001 4005 1159 4070; x_wconf 87' lang='lat' dir='ltr'><strong>amicitiae</strong></span> <span class='ocrx_word' id='word_1_249' title='bbox 1189 4011 1365 4068; x_wconf 89' lang='lat' dir='ltr'><strong>statuerunt</strong></span> <span class='ocrx_word' id='word_1_250' title='bbox 1386 4002 1586 4086; x_wconf 87' lang='lat' dir='ltr'><strong>Peripatetici</strong></span> <span class='ocrx_word' id='word_1_251' title='bbox 1616 4000 1699 4065; x_wconf 91' lang='lat' dir='ltr'><strong>veri·</strong></span> 
     </span>
     <span class='ocr_line' id='line_1_36' title="bbox 532 4102 1699 4190; baseline -0.002 -25"><span class='ocrx_word' id='word_1_252' title='bbox 532 4111 640 4168; x_wconf 90' lang='lat' dir='ltr'><strong>tatem.</strong></span> <span class='ocrx_word' id='word_1_253' title='bbox 691 4105 800 4188; x_wconf 86' lang='lat' dir='ltr'><strong>Neque</strong></span> <span class='ocrx_word' id='word_1_254' title='bbox 828 4105 912 4169; x_wconf 88' lang='lat' dir='ltr'><strong>enim</strong></span> <span class='ocrx_word' id='word_1_255' title='bbox 943 4105 1038 4169; x_wconf 87' lang='lat' dir='ltr'><strong>amici</strong></span> <span class='ocrx_word' id='word_1_256' title='bbox 1067 4113 1115 4169; x_wconf 88' lang='lat' dir='ltr'><strong>cst</strong></span> <span class='ocrx_word' id='word_1_257' title='bbox 1143 4127 1266 4190; x_wconf 88' lang='lat' dir='ltr'><strong>semper</strong></span> <span class='ocrx_word' id='word_1_258' title='bbox 1304 4104 1403 4168; x_wconf 89' lang='lat' dir='ltr'><strong>amico</strong></span> <span class='ocrx_word' id='word_1_259' title='bbox 1431 4102 1577 4167; x_wconf 87' lang='lat' dir='ltr'><strong>assentiri</strong></span> <span class='ocrx_word' id='word_1_260' title='bbox 1605 4107 1699 4185; x_wconf 90' lang='lat' dir='ltr'><strong>atque</strong></span> 
     </span>
     <span class='ocr_line' id='line_1_37' title="bbox 532 4202 1700 4288; baseline -0.002 -22"><span class='ocrx_word' id='word_1_261' title='bbox 532 4203 662 4286; x_wconf 89' lang='lat' dir='ltr'><strong>obsequi</strong></span> <span class='ocrx_word' id='word_1_262' title='bbox 695 4203 748 4267; x_wconf 90' lang='lat' dir='ltr'><strong>sed</strong></span> <span class='ocrx_word' id='word_1_263' title='bbox 781 4204 902 4288; x_wconf 83' lang='lat' dir='ltr'><strong>potius,</strong></span> <span class='ocrx_word' id='word_1_264' title='bbox 942 4204 1085 4288; x_wconf 90' lang='lat' dir='ltr'><strong>quotiens</strong></span> <span class='ocrx_word' id='word_1_265' title='bbox 1117 4205 1306 4269; x_wconf 89' lang='lat' dir='ltr'><strong>maleficium</strong></span> <span class='ocrx_word' id='word_1_266' title='bbox 1339 4226 1412 4268; x_wconf 89' lang='lat' dir='ltr'><strong>eum</strong></span> <span class='ocrx_word' id='word_1_267' title='bbox 1450 4202 1700 4267; x_wconf 85' lang='lat' dir='ltr'><strong>committentem</strong></span> 
     </span>
     <span class='ocr_line' id='line_1_38' title="bbox 533 4301 1699 4390; baseline -0.002 -24"><span class='ocrx_word' id='word_1_268' title='bbox 533 4302 695 4382; x_wconf 76' lang='lat' dir='ltr'><strong>videntne,</strong></span> <span class='ocrx_word' id='word_1_269' title='bbox 725 4303 889 4387; x_wconf 85' lang='lat' dir='ltr'><strong>obiurgare</strong></span> <span class='ocrx_word' id='word_1_270' title='bbox 912 4304 1061 4368; x_wconf 90' lang='lat' dir='ltr'><strong>debemus</strong></span> <span class='ocrx_word' id='word_1_271' title='bbox 1087 4314 1118 4369; x_wconf 91' lang='lat' dir='ltr'><strong>et</strong></span> <span class='ocrx_word' id='word_1_272' title='bbox 1139 4305 1299 4390; x_wconf 88' lang='lat' dir='ltr'><strong>increpare</strong></span> <span class='ocrx_word' id='word_1_273' title='bbox 1322 4313 1352 4367; x_wconf 91' lang='lat' dir='ltr'><strong>et</strong></span> <span class='ocrx_word' id='word_1_274' title='bbox 1374 4324 1498 4368; x_wconf 88' lang='lat' dir='ltr'><strong>monere</strong></span> <span class='ocrx_word' id='word_1_275' title='bbox 1521 4302 1611 4367; x_wconf 87' lang='lat' dir='ltr'><strong>etad</strong></span> <span class='ocrx_word' id='word_1_276' title='bbox 1634 4301 1699 4366; x_wconf 84' lang='lat' dir='ltr'><strong>oifi·</strong></span> 
     </span>
     <span class='ocr_line' id='line_1_39' title="bbox 533 4401 1699 4487; baseline 0.001 -22"><span class='ocrx_word' id='word_1_277' title='bbox 533 4401 615 4468; x_wconf 91' lang='lat' dir='ltr'><strong>cium</strong></span> <span class='ocrx_word' id='word_1_278' title='bbox 639 4405 795 4468; x_wconf 84' lang='lat' dir='ltr'><strong>reducere.</strong></span> <span class='ocrx_word' id='word_1_279' title='bbox 839 4402 913 4467; x_wconf 84' lang='lat' dir='ltr'><strong>Sine</strong></span> <span class='ocrx_word' id='word_1_280' title='bbox 932 4425 1018 4467; x_wconf 91' lang='lat' dir='ltr'><strong>mora</strong></span> <span class='ocrx_word' id='word_1_281' title='bbox 1040 4405 1194 4487; x_wconf 86' lang='lat' dir='ltr'><strong>flagitium</strong></span> <span class='ocrx_word' id='word_1_282' title='bbox 1211 4404 1310 4468; x_wconf 89' lang='lat' dir='ltr'><strong>amico</strong></span> <span class='ocrx_word' id='word_1_283' title='bbox 1329 4404 1451 4468; x_wconf 88' lang='lat' dir='ltr'><strong>obicere</strong></span> <span class='ocrx_word' id='word_1_284' title='bbox 1469 4403 1560 4467; x_wconf 90' lang='lat' dir='ltr'><strong>debet</strong></span> <span class='ocrx_word' id='word_1_285' title='bbox 1580 4402 1699 4467; x_wconf 89' lang='lat' dir='ltr'><strong>amicus</strong></span> 
     </span>
    </p>
   </div>
   <div class='ocr_carea' id='block_1_10' title="bbox 604 4535 1127 4606">
    <p class='ocr_par' dir='ltr' id='par_1_11' title="bbox 604 4535 1127 4606">
     <span class='ocr_line' id='line_1_40' title="bbox 604 4535 1127 4606; baseline 0.004 -18"><span class='ocrx_word' id='word_1_286' title='bbox 604 4536 630 4603; x_wconf 88' lang='lat'><strong>1)</strong></span> <span class='ocrx_word' id='word_1_287' title='bbox 652 4535 690 4589; x_wconf 82' lang='lat' dir='ltr'><strong>Gi.</strong></span> <span class='ocrx_word' id='word_1_288' title='bbox 710 4537 771 4602; x_wconf 85' lang='lat' dir='ltr'><strong>Leo,</strong></span> <span class='ocrx_word' id='word_1_289' title='bbox 791 4537 876 4590; x_wconf 87' lang='lat' dir='ltr'><strong>Plaut.</strong></span> <span class='ocrx_word' id='word_1_290' title='bbox 897 4538 1002 4591; x_wconf 83' lang='lat' dir='ltr'><strong>Forsch.</strong></span> <span class='ocrx_word' id='word_1_291' title='bbox 1023 4554 1048 4606; x_wconf 89' lang='lat' dir='ltr'><strong>p.</strong></span> <span class='ocrx_word' id='word_1_292' title='bbox 1069 4537 1127 4590; x_wconf 82' lang='lat'>115.</span> 
     </span>
    </p>
   </div>
   <div class='ocr_carea' id='block_1_11' title="bbox 0 0 2060 5717">
    <p class='ocr_par' dir='ltr' id='par_1_12' title="bbox 0 0 2060 5717">
     <span class='ocr_line' id='line_1_41' title="bbox 0 0 2060 5717; baseline 0 0"><span class='ocrx_word' id='word_1_293' title='bbox 0 0 2060 5717; x_wconf 95' lang='lat' dir='ltr'><strong> </strong></span> 
     </span>
    </p>
   </div>
  </div>
 </body>
</html>
