4075 5717
945 626 1151 689 ..54-

546 806 634 869 Hanc
662 804 700 868 de
726 803 867 868 amicitia
896 813 1016 890 partem
1048 804 1196 889 quoniam
1224 804 1262 868 ad
1294 805 1387 870 finem
1417 803 1633 890 perduximus,

463 906 570 991 paucis
593 926 663 968 cum
686 903 726 967 iis
748 904 827 968 mihi
850 903 1090 988 colloquendum
1112 912 1175 985 est,
1208 904 1262 988 qui
1286 904 1437 970 nonnulla
1458 905 1571 970 horum
1594 905 1633 989 de

461 1004 603 1068 amicitia
626 1011 877 1089 praeceptorum,
901 1025 979 1088 quae
1000 1004 1038 1068 ad
1062 1003 1286 1089 Peripateticos
1308 1005 1437 1083 rettuli,
1460 1005 1526 1070 iam
1548 1006 1633 1092 apud

461 1104 642 1189 Euripidem
665 1102 754 1168 nobis
776 1124 934 1167 occurrere
957 1103 1036 1168 mihi
1062 1104 1211 1169 obiciunt.
1256 1105 1290 1168 id
1306 1104 1413 1188 negari
1430 1105 1516 1170 nullo
1541 1106 1632 1170 modo

460 1212 571 1289 potest.
615 1203 695 1267 Nam
707 1202 874 1289 Euripides
897 1224 1018 1288 quoque
1036 1204 1210 1269 amicitiam
1229 1205 1336 1270 laudat
1347 1213 1382 1270 ut
1393 1204 1492 1270 Orest.
1510 1228 1541 1270 v.
1554 1207 1633 1272 805:

634 1294 672 1361 οἷς
690 1295 761 1374 ἀνὴρ
780 1297 855 1362 ὅστις
874 1295 1002 1374 τρόποισι
1023 1301 1155 1377 συντακῇ,
1175 1309 1294 1375 θυραῖος
1311 1299 1351 1356 οἷν
1393 1317 1398 1354 .“

631 1389 740 1459 μυρίων
757 1390 890 1460 κρείσσων
909 1381 1040 1460 ὅμοίμων
1061 1384 1141 1461 ἀνδρὶ
1161 1388 1316 1461 κεκτῆσθαι
1335 1391 1423 1458 φίλος.

460 1476 500 1539 Et
522 1475 664 1539 eiusdem
686 1474 809 1539 fabulae
831 1498 860 1539 v.
874 1476 982 1540 11155:

635 1575 685 1628 οὐκ
704 1572 779 1627 ἔστιν
799 1568 880 1627 οὐδὲν
898 1580 1026 1646 κρεῖσσον
1044 1570 1061 1646 ἢ
1080 1576 1159 1643 φίλος
1178 1576 1273 1647 σαφής,

636 1656 669 1715 οὗ
685 1659 804 1720 πλοῦτος
824 1655 857 1713 ori
878 1663 1018 1732 τυραννίς.

463 1749 503 1814 Et
524 1771 613 1816 veros
644 1749 760 1814 amieos
782 1771 800 1813 a
823 1748 911 1813 falsis
929 1748 1080 1814 discernit
1111 1750 1245 1834 illosque
1267 1771 1329 1814 non
1351 1749 1396 1813 ita
1426 1768 1494 1812 esse
1516 1747 1640 1813 multos

462 1851 631 1930 existimat,
655 1857 691 1913 ut
711 1849 819 1934 Suppl.
843 1871 872 1913 v.
897 1850 976 1914 867:

639 1948 718 2016 φίλος
738 1965 752 1999 τ
770 1941 889 2017 ’ἀληθὴς
906 1934 941 2018 ἦν
959 1949 1052 2015 φίλοις
1072 1947 1190 2020 παροῦσί
1212 1965 1243 2000 τε

643 2034 689 2086 καί
707 2029 745 2104 μὴ
764 2031 910 2105 παροῦσιν,
930 2017 969 2084 οἷν
987 2029 1112 2106 οῗριθμὸς
1131 2029 1165 2087 ori
1184 2031 1277 2093 πολύς.

464 2125 547 2201 Quae
569 2143 759 2206 quamquam
790 2121 834 2184 ita
865 2129 955 2202 sunt,
986 2128 1092 2186 tamen
1115 2143 1166 2187 eos
1189 2122 1287 2201 locos,
1319 2142 1395 2206 quos
1421 2120 1503 2205 apud
1525 2130 1636 2206 poetas

465 2224 597 2289 comicos
614 2222 794 2286 invenimus
809 2221 925 2305 quique
940 2223 1064 2285 easdem
1089 2223 1253 2287 continent
1275 2221 1456 2302 sententias,
1478 2222 1517 2285 ad
1540 2221 1636 2285 Euri-

466 2316 571 2409 pidem
594 2321 788 2407 philosophis
811 2320 961 2403 neglectis
983 2330 1017 2386 ut
1040 2325 1211 2387 reseramus
1231 2345 1292 2387 non
1316 2322 1465 2405 cogimur.
1517 2322 1635 2398 Quam-

464 2424 513 2488 vis
543 2423 629 2488 enim
658 2421 767 2486 comici
790 2421 970 2506 Euripidem
1001 2422 1177 2487 amaverint
1207 2431 1237 2486 et
1265 2422 1398 2487 libenter
1419 2420 1538 2486 imitati
1558 2419 1634 2499 sint,

464 2531 567 2588 tamen
592 2522 667 2587 satis
689 2522 789 2586 multa
811 2523 848 2586 de
870 2522 1010 2586 amicitia
1028 2530 1191 2608 praecepta
1213 2531 1346 2602 exstant,
1366 2543 1445 2607 quae
1459 2521 1541 2607 apud
1560 2541 1637 2584 eum

464 2645 618 2709 nusquam
635 2631 800 2688 occurrunt
822 2643 962 2706 quaeque
983 2622 1061 2706 quin
1078 2644 1114 2686 ex
1141 2622 1353 2708 philosophico
1370 2623 1454 2686 fonte
1474 2620 1636 2702 fluxerint,

465 2747 504 2789 ne
537 2723 669 2789 minima
702 2723 830 2807 quidem
863 2722 1011 2786 exsistere
1045 2730 1146 2807 potest
1176 2722 1339 2786 dubitatio,
1394 2722 1460 2798 Qua
1482 2721 1520 2784 de
1541 2741 1637 2784 causa

430 2818 433 2829 '
466 2825 561 2890 etiam
583 2845 635 2903 ea,
666 2844 744 2906 quae
773 2844 812 2886 ex
833 2821 994 2908 Euripidis
1025 2822 1141 2886 fabulis
1162 2829 1305 2906 poterant
1326 2822 1488 2886 desumere
1511 2819 1636 2900 comici,

466 2922 660 3012 philosophis
676 2922 893 2986 attribuemus.
945 2922 1100 3005 Equidem
1123 2945 1189 2986 rem
1211 2923 1256 2986 sic
1278 2943 1311 2985 se
1334 2922 1447 2986 habere
1470 2919 1636 2984 existimo:

465 3027 533 3089 lam
562 3023 732 3108 sophistae,
766 3022 821 3106 qui
851 3022 1004 3085 eiusmodi
1032 3023 1229 3105 quaestiones
1250 3030 1382 3086 tractare
1404 3021 1564 3099 solebant,
1596 3020 1637 3084 de

466 3123 607 3189 amicitia
628 3122 864 3207 disputaverant
894 3121 1023 3205 eiusque
1046 3122 1127 3187 haud
1152 3145 1264 3208 paucas
1293 3123 1376 3205 leges
1399 3121 1635 3186 constituerant.

468 3225 549 3301 Quas
572 3223 690 3307 recepit
708 3222 883 3307 Euripides,
906 3222 961 3306 qui
983 3230 1172 3306 quantopere
1196 3245 1234 3287 ex
1255 3223 1321 3286 illis
1341 3221 1534 3306 philosophis
1557 3243 1637 3307 pen-

469 3323 541 3387 dere
563 3322 674 3387 solitus
693 3322 744 3403 sit,
767 3322 842 3386 satis
864 3329 972 3386 notum
996 3330 1051 3386 est.
1095 3323 1145 3386 Ab
1167 3323 1265 3386 isdem
1289 3330 1392 3386 autem
1417 3321 1565 3406 sophistis
1587 3321 1637 3384 in·

468 3424 588 3487 vitatus
627 3423 756 3486 eandem
789 3421 947 3486 amicitiae
988 3421 1153 3486 materiam
1184 3423 1377 3487 tractandam
1410 3421 1471 3485 sibi
1500 3410 1649 3506 sumpsit

469 3523 673 3602 Aristoteles,
689 3519 713 3604 ¹)
744 3522 964 3608 amplificavit,
998 3520 1162 3586 artificiose
1199 3522 1319 3604 redegit
1347 3520 1565 3604 revocavitqua
1596 3520 1637 3583 ad

470 3631 587 3688 certam
610 3622 762 3687 rationem
785 3621 971 3686 litterarum.
1015 3621 1090 3685 Eius
1114 3643 1187 3686 vero
1210 3622 1383 3686 doctrinam
1404 3611 1638 3706 Theophrastus

467 3724 542 3788 adeo
574 3722 776 3809 propagavit,
810 3729 845 3786 ut
868 3721 950 3785 inter
978 3721 1121 3786 homines
1152 3721 1304 3786 litteratos
1327 3742 1417 3785 nemo
1447 3729 1528 3784 esset
1560 3719 1639 3804 quin

470 3845 538 3888 earn
562 3832 767 3910 pernosceret.

543 4006 568 4074 l)
587 4006 625 4060 Gt.
645 4008 796 4061 Ferdinand
815 4006 973 4071 Duenrmler,
992 4006 1182 4073 Proiegomena
1201 4023 1233 4057 zu
1253 4004 1361 4056 Platons
1381 4004 1456 4057 Stant
1475 4020 1535 4072 pag.
1554 4001 1595 4054 60.

686 4237 692 4266 ί
