4075 5717
819 679 1026 744 -63-

446 860 511 912 Nam
532 859 576 928 pol
597 873 655 910 meo
674 857 779 926 quidem
798 857 886 909 animo
905 857 1011 924 ingrato
1032 857 1136 909 bomine
1154 857 1191 909 nil
1211 857 1369 926 inpensiust.

443 945 636 999 Malefactorern
655 943 741 995 amitti
760 943 858 996 satiust
877 959 954 1012 quam
974 941 1088 1011 relinqui
1108 942 1262 996 beneficum.

360 1067 363 1075 .
443 1033 529 1085 Nimio
548 1031 735 1100 inpendiosum
753 1034 872 1098 praestat
890 1034 916 1082 te
934 1046 1013 1097 quam
1028 1029 1160 1096 ingratum
1177 1029 1267 1082 dicier.

443 1119 519 1171 Illum
539 1118 688 1171 laudabunt
706 1118 784 1170 boni:
805 1118 875 1169 bunc
894 1117 973 1168 etiam
991 1117 1043 1185 ipsi
1066 1114 1213 1182 culpabunt
1232 1116 1302 1169 mali.

443 1205 500 1268 Qua
520 1221 559 1257 me
580 1219 662 1257 causa
680 1204 764 1270 magis
785 1219 843 1256 curn
864 1219 926 1255 cura
945 1217 1002 1254 esse
1022 1217 1142 1269 aequom,
1161 1202 1331 1270 obvigilatost
1349 1220 1426 1272 opus.

442 1293 527 1357 Nunc,
546 1289 714 1355 Mnesiloche,
733 1289 868 1358 specimen
887 1289 1013 1358 specitur‚
1033 1304 1105 1340 nunc
1124 1294 1256 1341 certamen
1275 1292 1401 1354 cernitur,

442 1379 520 1432 Sisne
539 1393 623 1429 necne
641 1380 672 1427 ut
691 1391 748 1429 esse
767 1380 887 1445 oportet:
907 1374 1001 1440 malus,
1023 1375 1108 1427 bonus
1127 1376 1341 1444 quoiquoimodi:

445 1464 543 1529 iustus,
562 1464 694 1516 iniustus:
715 1454 856 1530 malignus,
875 1457 981 1528 largus:
1000 1461 1162 1527 commodus,
1180 1462 1372 1516 incommodus.

443 1550 511 1603 Cave
531 1552 567 1604 sis
586 1554 612 1602 te
632 1565 757 1617 superare
777 1564 877 1600 servom
898 1548 960 1600 siris
980 1547 1105 1600 faciundo
1125 1549 1200 1601 bene.

420 1638 454 1701 ln
478 1638 659 1702 memoriam
677 1643 781 1700 autem
804 1634 900 1699 velim
921 1634 980 1697 tibi
997 1656 1120 1698 revoces
1136 1636 1268 1699 eundem
1281 1635 1507 1702 Mnesilochum

339 1739 372 1802 in
395 1739 502 1806 eodem
524 1758 665 1802 sermone
689 1736 802 1800 intimo
825 1733 998 1798 amicitiam
1020 1734 1138 1799 eximia
1160 1735 1388 1816 laudemauro,
1413 1758 1506 1821 quarn

338 1839 375 1903 ad
400 1838 589 1923 Epicureum
613 1837 663 1901 vel
687 1835 929 1921 Peripateticum
964 1837 1079 1898 fontem
1110 1856 1176 1898 esse
1198 1836 1392 1900 referendam
1414 1857 1508 1924 supra

338 1937 633 2003 demonstravimus.
649 1935 673 2016 ¹)
727 1937 811 2012 Quae
833 1956 902 1998 cum
923 1934 968 1997 ita
989 1934 1054 1998 sint
1077 1955 1265 2018 quamquam
1289 1935 1365 2000 haec
1387 1958 1508 2022 quoque

337 2038 433 2102 verba
453 2037 662 2101 adulescentis
684 2037 722 2100 ad
745 2035 868 2100 easdem
892 2041 1000 2116 sectae,
1024 2035 1050 2098 si
1074 2035 1140 2099 fieri
1164 2035 1270 2120 possit,
1293 2039 1407 2101 referre
1430 2038 1507 2102 veli-

338 2159 425 2215 mus,
459 2145 563 2201 tamen
586 2137 618 2200 id
642 2135 809 2221 quominus
833 2134 1001 2212 faciamus,
1031 2156 1087 2200 nos
1116 2135 1294 2220 impediunt
1314 2136 1448 2202 Senecae
1469 2138 1507 2202 de

339 2237 490 2302 benef.V
523 2241 576 2302 ll:
618 2236 712 2300 Vento
740 2255 825 2300 aune
856 2235 899 2298 ad
934 2236 1079 2298 ultimam
1101 2241 1238 2318 partem.
1288 2238 1343 2322 qui
1367 2239 1507 2321 qratiam

340 2337 445 2420 refert,
469 2336 595 2418 aliquid
618 2336 703 2400 debet
725 2336 904 2419 inpendere,
927 2335 1006 2398 sicut
1027 2335 1083 2415 qui
1101 2336 1194 2399 solvit
1211 2337 1390 2420 pecuniam.
1426 2338 1507 2402 nibil

342 2443 446 2500 cutem
467 2436 620 2520 inpendit,
643 2436 699 2517 qui
719 2434 859 2517 qratiam
880 2433 941 2498 sibi
961 2433 1071 2516 refert.

422 2536 462 2599 Et
491 2537 519 2599 V
552 2539 588 2601 2:
627 2534 716 2602 Illud
752 2537 858 2616 atiqve
889 2536 981 2599 amice
1010 2536 1068 2600 tibi
1091 2537 1197 2620 placet
1228 2537 1309 2600 celat
1343 2537 1509 2621 moqairfce

338 2636 474 2700 dictam:
504 2642 596 2721 turpe
617 2642 661 2700 est
682 2635 839 2716 benefieiis
855 2635 948 2700 cinci.

384 2724 386 2728 ’
421 2737 561 2820 Uterque
592 2736 678 2800 enim
705 2736 790 2801 locus
820 2757 890 2800 cum
921 2736 1064 2801 versibus
1086 2735 1243 2800 Plautinis
1271 2743 1392 2800 tantam
1414 2735 1507 2800 habet

335 2830 594 2915 similitudinem,
624 2844 660 2900 ut
681 2836 719 2900 de
744 2834 846 2900 Stoico
876 2836 959 2900 fonte
983 2835 1087 2921 potius
1107 2836 1197 2900 nobis
1219 2856 1285 2900 esse
1308 2835 1507 2918 cogitandum

341 2935 519 3000 existimem
541 2957 636 3021 quam
659 2937 696 3000 de
718 2936 870 3020 Epicureo
890 2943 921 2999 et
944 2935 1160 3020 Peripatetico.

423 3053 513 3118 Alter
542 3052 627 3117 locus
655 3062 756 3117 exstat
784 3055 895 3118 Persae
925 3053 957 3116 in
987 3075 1016 3117 v.
1038 3053 1110 3117 753.
1160 3052 1209 3116 Ibi
1232 3052 1361 3116 Toxilus
1388 3071 1505 3130 servre,

340 3152 394 3236 qui
417 3152 589 3217 Dordalum
611 3152 755 3217 lenonem
776 3153 852 3218 bene
876 3153 1053 3217 ludificatus
1072 3160 1128 3230 est,
1150 3159 1181 3216 et
1203 3151 1251 3215 dis
1274 3151 1390 3233 gratias
1413 3154 1506 3215 refert

339 3261 370 3316 et
391 3251 517 3330 amicos,
539 3273 672 3335 quorum
694 3252 813 3317 auxilio
835 3274 910 3318 usus
933 3262 989 3335 est,
1012 3252 1184 3339 spoliorum
1202 3251 1370 3337 participes
1392 3251 1484 3316 facit:

371 3350 498 3404 Hostibus
517 3351 603 3417 victis,
622 3352 724 3404 civibus
744 3352 833 3418 salvis,
860 3369 886 3405 re
905 3352 1010 3420 placida
1029 3354 1141 3421 pacibus
1161 3352 1294 3421 perfectis,

373 3436 446 3489 Bello
466 3437 591 3501 extincto,
611 3453 637 3489 rc
656 3437 723 3490 bene
742 3442 825 3506 gesta,
843 3439 947 3508 integro
967 3440 1086 3492 exercitu
1104 3443 1130 3491 et
1149 3439 1298 3507 praesidiis

374 3522 456 3586 Quom
477 3525 543 3576 bene
561 3538 619 3588 nos,
638 3522 766 3592 luppiter,
785 3525 876 3578 iuvisti
896 3525 976 3594 dique
995 3526 1040 3578 alii
1060 3526 1146 3578 omnis
1166 3525 1365 3593 caelipotentes‚

373 3609 424 3662 Eas
443 3609 518 3662 vobis
538 3608 621 3660 habco
640 3616 729 3677 grates
748 3616 828 3679 atque
847 3627 906 3679 ago,
925 3613 988 3680 quia
1002 3613 1084 3680 probe
1099 3629 1157 3665 sum
1170 3611 1243 3664 ultus
1258 3628 1343 3664 meum
1362 3610 1507 3663 inimicum.

373 3696 450 3748 Nunc
466 3697 499 3748 ob
519 3713 576 3748 eam
595 3713 649 3750 rem
669 3697 738 3749 iuter
758 3698 903 3766 participes
923 3699 1039 3751 dividam
1058 3697 1183 3767 praedam
1204 3702 1231 3749 et
1251 3697 1426 3766 participabo.

373 3782 411 3834 lte
430 3783 515 3834 foras:
541 3783 584 3836 bic
602 3782 661 3835 volo
683 3787 744 3836 ante
761 3785 858 3836 ostium
878 3788 904 3836 ct
923 3785 1030 3838 ianuam

375 3870 446 3922 Meos
466 3869 609 3937 participes
629 3870 695 3921 bene
715 3870 843 3938 accipere.

373 3955 487 4008 Statuite
507 3956 549 4007 hic
567 3954 693 4008 lectulos:
720 3957 811 4024 ponite
832 3957 883 4023 hic,
902 3973 969 4026 quac
990 3957 1127 4010 adsolent:

371 4041 419 4094 Hic
439 4042 521 4094 statui
539 4041 598 4093 volo
618 4042 731 4109 primum
750 4042 869 4111 'raquila
886 4045 949 4096 mibi
1140 4044 1142 4047 ’

373 4127 447 4180 Unde
467 4144 515 4195 ego
536 4129 621 4180 omnis
640 4127 738 4181 hilaros
757 4129 874 4182 ludentis
894 4130 1064 4184 laetificantis
1083 4131 1177 4183 faciam
1197 4134 1228 4182 ut
1247 4128 1321 4190 fiant,

374 4211 489 4275 Quorum
510 4230 590 4282 opera
610 4214 674 4266 baec
693 4215 757 4266 mihi
776 4215 866 4268 facilia
884 4217 956 4270 factu
975 4217 1046 4271 facta
1064 4222 1127 4268 sunt
1145 4233 1212 4285 quae
1231 4216 1301 4269 volui
1320 4215 1412 4267 efferi.

372 4300 439 4352 Nam
458 4301 596 4369 improbus
615 4305 655 4354 est
674 4301 766 4368 homo,
791 4304 837 4371 qui
855 4304 1012 4356 beneficium
1032 4304 1082 4356 scit
1100 4304 1220 4372 accipere
1239 4307 1265 4355 et
1283 4303 1392 4355 reddere
1411 4299 1505 4353 nescit.

362 4476 368 4485 ο

410 4502 435 4570 l)
454 4503 493 4556 Cf.
513 4520 574 4573 pag.
592 4506 635 4559 47.
