4075 5717
1028 670 1233 733 ..48-

538 847 593 912 ιιαῖ
623 848 681 912 εἰιῖ
709 851 764 934 τῆς
786 847 893 932 φιλίας
913 846 1054 931 ἁρμόσει
1080 850 1155 936 μήτ’
1184 844 1308 932 ἄφιλοι·
1337 838 1422 911 εῖναι
1442 846 1519 930 μήτ’
1540 834 1587 911 ari
1608 844 1715 911 πολύ·

537 950 632 1033 φιλον
658 949 737 1013 καθ’
772 949 976 1033 ύπερβολήν;
1009 953 1077 1023 τοῖς
1105 952 1169 1030 μὲν
1199 950 1239 1011 δι’
1272 947 1355 1030 προς
1385 951 1504 1033 χρῆσιν
1534 946 1590 1010 ιιαῖ
1616 946 1713 1010 ποίνυ

538 1048 666 1126 δόξειεν
692 1045 736 1112 ἄν
765 1047 919 1130 αρμόζειν
950 1050 988 1114 τό
1024 1049 1156 1130 λεχθέν·
1193 1048 1325 1123 πολλοῖς
1359 1049 1422 1130 γάρ
1459 1047 1716 1130 α’νθυπιγρετεῖν

538 1149 716 1228 ἐπίπονον,
744 1149 798 1212 καὶ
828 1148 887 1229 ούχ
916 1147 1027 1222 ῖκανός
1054 1149 1072 1212 ὁ
1099 1153 1170 1231 βίος
1199 1147 1310 1222 αὐτοῖς
1336 1151 1434 1211 τοῦτο
1467 1147 1638 1230 πράττειν.
1683 1144 1716 1210 οῖ

539 1249 670 1322 πλείους
701 1248 744 1331 δὴ
775 1251 842 1311 τοῖν
874 1250 957 1330 πρὸς
985 1252 1044 1312 τόν
1076 1249 1195 1312 οἰκεῖον
1215 1254 1289 1331 βίον
1318 1246 1436 1322 ἱκανῶς
1464 1253 1629 1330 περίεργοι
1657 1247 1713 1311 καὶ

539 1348 692 1431 ε’μπόδιοι
722 1348 805 1429 προς
833 1349 871 1410 τύ
892 1348 996 1421 καλοῖς
1025 1351 1089 1433 ζῆν·
1121 1349 1219 1411 ου’δὲν
1251 1337 1310 1413 οὖν
1339 1348 1407 1412 ίδεῖ
1435 1347 1556 1414 acircio.
1597 1348 1654 1410 καῖ
1683 1346 1715 1411 οῖ

541 1451 623 1531 πρὸς
655 1449 777 1533 ἡδοινγν
807 1449 845 1510 δὲ
873 1449 1029 1530 α’ρκούσιν
1059 1448 1176 1530 ὀλίγοι,
1215 1449 1375 1531 καθάπερ
1405 1451 1441 1513 ἐν
1469 1450 1508 1533 τῇ
1537 1452 1643 1532 τροφῇ
1671 1459 1713 1512 vu

540 1544 683 1629 ἥδυσμα.
724 1548 799 1622 τούς
821 1549 858 1611 δὲ
874 1550 1075 1622 σπουδαίους
1093 1548 1234 1630 πότερον
1257 1548 1432 1623 πλείστους
1451 1549 1523 1611 κατ’
1544 1546 1707 1629 ἀριθμόν,

521 1644 653 1732 ἢέστι
681 1670 713 1710 τι
738 1657 856 1730 με’τρον
876 1649 931 1711 ιιαῖ
959 1649 1086 1731 φιλικοῦ
1117 1648 1283 1734 πλήθους,
1313 1646 1426 1730 ὥσπερ
1449 1648 1576 1721 πόλεως
1583 1673 1594 1727 ,·
1633 1645 1715 1713 ούτε

539 1747 600 1829 γαρ
620 1747 656 1810 εἰι
677 1747 756 1811 δέκα
778 1747 971 1829 ἀνθρώπων
984 1749 1098 1828 γένοιτ’
1119 1747 1162 1811 ἄν
1180 1749 1283 1827 πόλις,
1305 1745 1376 1816 οὔτ’
1394 1750 1428 1812 εἰι
1445 1750 1524 1812 δέκα
1542 1745 1716 1830 μυριάδων·

542 1848 590 1910 ἔτι
613 1847 707 1920 πόλις
728 1847 828 1913 ἐστιν.
872 1849 910 1912 ro*
933 1847 971 1911 δὲ
993 1850 1102 1913 ποσόν
1123 1849 1181 1911 oria
1205 1851 1298 1913 ἔστιν
1319 1849 1396 1923 ἴσως
1418 1851 1454 1913 ἓν
1468 1873 1508 1929 τι,
1530 1850 1615 1915 οῖλλιὶ
1643 1853 1717 1913 ποῖν

540 1947 714 2028 τὸμεταξύ
725 1950 823 2011 τινοῖν
835 1947 1030 2030 ὡρισμένων.
1060 1949 1114 2010 καῖ
1128 1948 1231 2030 φίλων
1243 1947 1285 2034 δή
1298 1952 1369 2014 ἐστι
1380 1950 1509 2034 πλῆθος
1522 1949 1717 2031 ὡρισμένον,

542 2047 595 2110 καὶ
618 2045 695 2120 ἴσως
718 2046 749 2110 οῖ
762 2048 920 2126 πλεῖστοι,
942 2049 1022 2128 μεθ’
1044 2037 1090 2110 ὧν
1108 2044 1150 2111 οῖν
1167 2047 1301 2112 δύναιτό
1321 2073 1368 2123 τις
1385 2053 1494 2133 συζῆν·
1536 2052 1634 2114 τοῦτο
1650 2051 1718 2134 γοῖρ

543 2146 651 2210 ἐδόκει
681 2144 897 2231 φιλικώτατον
926 2139 1026 2211 εἶναι’
1065 2145 1115 2211 ὅτι
1141 2150 1171 2211 δ’
1201 2148 1269 2228 οὐχ’
1293 2140 1366 2213 οἷόν
1394 2172 1429 2211 τε
1458 2140 1591 2223 πολλοῖς
1613 2153 1718 2234 συζῆν

541 2245 596 2310 καὶ
618 2247 786 2329 διανέμειν
805 2247 919 2328 αὐτόν,
942 2247 1000 2312 ουίι
1020 2246 1152 2332 ἄδηλον.
1196 2251 1243 2312 ἔτι
1261 2250 1298 2312 δὲ
1315 2250 1481 2322 καίιείνους
1496 2250 1552 2311 δεῖ
1563 2249 1717 2334 α’λλήλοις

543 2346 660 2429 φίλους
676 2336 777 2428 τίω,
818 2347 849 2412 εί
867 2349 1020 2431 με’λλουσι
1042 2350 1165 2423 πάντες
1185 2351 1255 2432 μετ’
1286 2347 1436 2434 α’λλήλοιν
1468 2347 1715 2432 σοιφμερεύειν.

542 2448 639 2510 τοῦτο
662 2448 692 2509 δ’
709 2447 845 2530 ἐργῶδες
873 2449 909 2511 εὐ
931 2449 1062 2522 πολλοῖς
1083 2449 1252 2530 ύποίρχειν.
1282 2449 1430 2529 χαλεπόν
1451 2450 1489 2511 δὲ
1510 2454 1635 2530 γίνεται
1656 2451 1716 2514 καί

543 2546 581 2608 τύ
611 2552 795 2628 συγχαίρειν
829 2549 883 2611 καὶ
915 2551 953 2613 τύ
984 2550 1157 2630 συναλγεῖν
1187 2547 1308 2623 οἰκείως
1340 2549 1489 2624 πολλοῖς·
1533 2547 1618 2623 εἰκύς
1651 2551 1718 2631 γάρ

543 2651 749 2727 συμπίπτειν
767 2644 837 2730 ἅμα
857 2652 904 2730 τῷ
924 2653 986 2732 μὲν
1006 2650 1215 2735 συνήδεσθαι
1229 2654 1274 2730 τῷ
1291 2650 1329 2712 δὲ
1345 2647 1592 2730 συνάχθεσθαι.
1634 2649 1718 2725 ἴσως

542 2734 604 2810 ούν
626 2735 666 2808 ειί
686 2748 751 2827 ἔχει
772 2747 817 2833 μὴ
840 2751 945 2832 ζητεῖν·
967 2749 1008 2822 οῖς
1024 2749 1294 2832 πολυφιλοίτατον
1312 2741 1407 2829 εῖναι,
1429 2750 1515 2814 α’λλιῖ
1536 2747 1718 2824 τοσούτους

543 2842 616 2909 ὅσοι
636 2845 681 2919 είς
702 2847 740 2909 τιν’
763 2850 862 2932 συζῆν·
884 2847 999 2913 ἱκανοί.

625 2949 741 3012 Paucos
769 2958 873 3012 autern
902 2951 1018 3014 amicos
1041 2951 1197 3034 eligebant
1226 2951 1257 3014 hi
1291 2951 1466 3036 philosophi
1497 2951 1592 3014 etiam
1616 2972 1652 3013 ea
1676 2953 1715 3015 de

544 3068 651 3128 causa,
688 3048 761 3132 quia
794 3070 899 3113 veram
934 3059 964 3112 et
996 3052 1162 3134 perfectam
1196 3051 1370 3115 amicitiam
1406 3051 1584 3135 amicosque
1612 3061 1714 3115 certos

545 3147 703 3210 rarissime
727 3148 863 3212 inveniri
887 3172 946 3213 non
971 3151 1164 3233 ignorabant.

625 3249 671 3312 Os.
693 3248 763 3312 Eth.
786 3249 854 3314 Nic.
877 3251 954 3315 VIII
976 3253 1004 3330 3,
1028 3255 1064 3316 7:
1089 3254 1187 3313 πᾶσα
1207 3251 1268 3331 γοῖρ
1291 3249 1383 3331 φιλία
1404 3249 1445 3311 δι’
1466 3245 1602 3329 ἀγαθόν
1620 3248 1715 3311 ε’στιν

543 3344 624 3432 ἧδί
645 3346 775 3433 ἡδονήν,
797 3346 818 3434 ἢ
839 3349 953 3424 ἁπλοῖς
974 3348 993 3432 ἢ
1013 3355 1060 3432 τῷ
1082 3351 1239 3433 φιλοῦντι,
1261 3351 1315 3412 καὶ
1338 3349 1417 3412 καθ’
1432 3344 1611 3431 ὁμοιότητά
1626 3371 1714 3412 τινα.

542 3446 647 3532 ταύτῃ
670 3448 708 3510 δὲ
731 3448 839 3512 πάνθ’
860 3448 1001 3532 ὑπάρχει
1022 3453 1064 3514 τιν’
1087 3449 1240 3534 εἰρημένα
1257 3450 1335 3513 καθ’
1351 3447 1478 3523 αύτούς.
1522 3445 1628 3532 ταύτῃ
1650 3449 1715 3529 γιῖρ

544 3542 650 3628 ὅμοιοι
677 3549 731 3611 καῖ
762 3550 804 3612 τιν’
834 3549 951 3629 λοιποί,
990 3550 1029 3614 τό
1059 3575 1095 3613 τε
1123 3551 1236 3624 ἁπλοῖς
1266 3550 1397 3630 circitor
1425 3549 1480 3612 καὶ
1506 3547 1570 3632 ἡδύ
1597 3547 1716 3622 οῖπλιῖς

543 3647 644 3712 ἐστίν.
687 3648 833 3730 μάλιστα
855 3651 892 3713 δὲ
912 3655 1018 3714 ταῦτα
1041 3651 1172 3735 φιλνμά,
1193 3651 1246 3714 καῖ
1266 3651 1304 3714 τό
1324 3649 1431 3731 φιλεῖν
1453 3649 1491 3711 δὲ
1508 3647 1563 3722 καὶ
1578 3646 1598 3729 ἡ
1617 3647 1714 3729 φιλία

544 3747 579 3810 ἐν
601 3747 725 3823 τούτοις
745 3749 892 3832 μα’λιστα
910 3752 964 3813 καῖ
987 3751 1116 3834 οίρίστιγ.
1161 3755 1305 3821 σπανίας
1327 3749 1356 3810 δ’
1378 3748 1462 3822 εἰκὸς
1478 3747 1537 3821 τοῖς
1558 3744 1715 3820 τοιαύτας

544 3838 636 3913 εῖναι.
682 3849 782 3931 ὀλίγοι
801 3850 862 3932 γοῖρ
885 3850 916 3914 οῖ
937 3854 1085 3915 τοιοῦτοι.

627 3951 874 4036 Theophrastum
904 3975 1025 4036 quoque
1057 3953 1134 4015 hanc
1157 3951 1321 4035 protulisse
1342 3949 1529 4013 sententiam
1554 3948 1643 4012 testis
1667 3956 1716 4010 est

544 4054 753 4136 Hieronymus
783 4062 947 4117 comment.
978 4053 1010 4115 in
1036 4052 1126 4115 Mich.
1156 4052 1225 4131 '47
1256 4051 1312 4114 col.
1343 4051 1419 4113 516:
1451 4047 1584 4132 Scripsit
1614 4045 1714 4111 Τίινο·

541 4157 694 4238 pitrosius
713 4154 830 4217 triade
845 4154 986 4217 amicitia
1002 4154 1174 4229 uolumina,
1197 4153 1282 4214 οιιιιιῖ
1304 4171 1372 4213 cora
1384 4149 1572 4234 praeferens
1584 4148 1717 4211 caritati

544 4261 695 4319 ettamen
717 4275 828 4318 raram
850 4255 886 4318 ιἰι
902 4253 995 4317 rebus
1016 4253 1167 4316 λιιυιοιιῖε
1187 4258 1375 4316 contestatus
1398 4256 1451 4313 est.

580 4421 582 4425 ,
627 4355 712 4419 Num
741 4355 849 4418 eadem
880 4353 1020 4419 doctrina
1049 4352 1144 4416 etiam
1166 4352 1248 4438 apud
1278 4350 1410 4415 comicos
1433 4347 1618 4412 invenitur?
1662 4345 1715 4409 In-

545 4457 671 4524 venitur
692 4477 775 4520 sane.
819 4455 900 4518 Nam
928 4455 960 4517 hi
999 4475 1120 4537 quoque
1143 4473 1254 4537 paucos
1276 4451 1392 4514 amieos
1414 4447 1624 4513 conciliandos
1646 4465 1716 4509 esse

545 4557 654 4621 dicunt
672 4556 767 4642 idque
789 4556 897 4619 eadem
917 4556 954 4618 dc
978 4575 1077 4631 causa,
1102 4553 1183 4638 quod
1206 4552 1271 4616 veri
1292 4550 1386 4615 amioi
1410 4547 1563 4612 rarissimi
1586 4546 1660 4610 sint.
