4075 5717
1006 676 1214 740 ..36-

528 854 693 940 respondet
707 852 854 937 (Diogdr.
867 852 896 919 X
910 851 1000 936 120):
1022 851 1103 939 τύχῃ
1124 878 1160 917 τε
1181 855 1255 937 (τὸν
1276 854 1382 935 σοφύν
1392 851 1566 935 Ἐπικούρῳ
1587 849 1692 931 δοκεῖ)

519 951 769 1030 ἀντιτάξεσθαι.

562 1110 565 1114 ,
600 1055 693 1119 Porro
715 1055 855 1117 fortunae
878 1052 1018 1117 divinam
1042 1073 1108 1116 esse
1130 1061 1275 1116 naturam
1298 1054 1431 1135 negabat
1454 1054 1615 1138 Epicurus,

602 1154 647 1218 cf.
678 1161 727 1238 ep.⁴
749 1153 796 1217 III
821 1151 895 1216 134:
928 1150 989 1234 τήν
1018 1151 1057 1212 dt
1085 1152 1185 1233 τύχην
1217 1148 1293 1215 ούτε
1320 1151 1415 1232 dedu,
1444 1152 1486 1227 ιύς
1515 1152 1545 1215 οἱ
1573 1152 1686 1216 πολλοὶ

521 1256 706 1334 νομίζουσιν
728 1302 756 1318 ..
772 1303 780 1316 .

604 1353 690 1431 Quod
720 1353 871 1438 placitum
901 1353 1121 1437 perstrinxisse
1156 1363 1230 1439 putu
1258 1355 1474 1420 Philemonem
1509 1358 1599 1438 irgm.
1632 1357 1689 1419 137

521 1454 621 1537 (Koch
644 1455 676 1519 ll
697 1475 765 1540 pag.
789 1453 879 1533 520):

778 1547 829 1607 ούκ
848 1551 924 1607 ἔστιν
944 1548 1010 1624 ἡμῖν
1030 1547 1147 1624 ούδιμία
1168 1550 1234 1623 τύχη
1254 1549 1330 1618 θεός,

779 1641 829 1694 cdx
847 1639 931 1705 ἔστιν,
952 1633 1023 1692 α’λλὰ
1043 1632 1229 1712 ταύτύματον,
1247 1635 1262 1693 d
1280 1642 1401 1711 γίνεται,

779 1722 816 1790 ὥς
834 1728 906 1802 ἔτεχ’
925 1722 1039 1800 decinam,
1057 1724 1299 1801 προσαγορεύεται
1318 1727 1395 1800 τύχη.

525 1819 645 1896 Quibus
667 1818 701 1883 in
722 1818 864 1886 versibus
884 1818 941 1882 hoc
963 1837 1085 1900 quoque
1108 1817 1264 1901 respicias,
1287 1818 1369 1902 quod
1390 1817 1518 1904 Epicuri
1537 1818 1693 1882 sententia

525 1919 630 1984 omniu
649 1939 705 1983 sua
726 1929 836 2003 sponte
858 1919 946 1983 fiunt.
1046 1979 1048 1988 ,
1192 1969 1195 1975 .

608 2019 654 2083 uf.
673 2020 763 2102 hgm.
785 2019 847 2083 359
868 2017 1072 2103 (Hippolytus
1093 2015 1266 2101 philosoph.
1285 2018 1335 2099 22,
1352 2016 1372 2081 3
1394 2039 1423 2102 p.
1442 2021 1550 2104 572,5
1573 2024 1694 2106 Diels):
1746 2062 1749 2065 ·

526 2168 553 2183 ..
576 2116 691 2183 πάντα
711 2117 947 2200 αὐτοματισμῷ
969 2118 1135 2197 γίνεσθαι.

608 2219 669 2283 Sed
696 2219 811 2284 iterum
842 2219 880 2287 ad
913 2208 1022 2283 versus
1054 2215 1233 2283 Trinummi
1267 2225 1469 2283 revertamur.
1526 2225 1694 2310 Postquam

527 2326 614 2404 pater
636 2319 810 2405 sapientem
833 2319 938 2404 ipsum
957 2316 1018 2382 sibi
1043 2318 1159 2400 fingere
1181 2318 1339 2386 fortunam
1361 2319 1452 2401 dixit,

560 2424 658 2492 Multa,
685 2419 790 2504 inquit
811 2419 904 2498 filius,
934 2425 973 2477 illi
992 2441 1073 2493 opere
1093 2428 1173 2492 opust
1191 2424 1316 2488 detritae,
1335 2426 1380 2494 qui
1399 2441 1428 2478 se
1446 2425 1563 2480 fictorem
1583 2431 1696 2498 probum

561 2511 638 2571 Vitae
657 2519 779 2598 agundae
795 2535 853 2573 esse
872 2520 989 2588 expetit:
1018 2519 1065 2575 sed
1084 2517 1225 2572 admodum
1246 2517 1483 2572 adulescentulust.

527 2606 613 2683 Quod
635 2614 728 2689 negat
748 2607 869 2672 Philto:

665 2706 725 2759 Non
743 2710 838 2774 aetate,
857 2723 947 2760 verum
967 2706 1075 2774 ingenio
1095 2707 1225 2780 apiscitur
1244 2706 1384 2774 sapientia.

666 2792 786 2861 Sapienti
805 2798 879 2846 aetas
898 2793 1105 2856 condimentum,
1125 2794 1232 2867 sapiens
1251 2793 1332 2845 aetati
1352 2792 1447 2845 cibust
1459 2792 1479 2859 ¹)

529 2880 578 2943 Ad
600 2880 773 2964 sapientem
794 2882 952 2945 fortunam
969 2879 1015 2943 nil
1035 2879 1189 2964 pertinere
1201 2879 1372 2965 Epicurum
1387 2878 1527 2943 docuisse
1550 2881 1697 2963 quoniam

528 2979 677 3058 vidimus,
704 2981 761 3045 hcc
777 3002 914 3066 quoque:
937 2980 1080 3046 homines
1103 2978 1290 3064 sapientiam
1304 2999 1366 3042 non
1380 2986 1481 3042 aetate
1502 2980 1555 3042 sed
1575 2981 1699 3063 ingenio

528 3079 700 3164 acquirere,
735 3080 790 3145 illo
821 3103 859 3146 ex
888 3083 972 3146 fonte
994 3080 1121 3145 fluxisse
1152 3079 1290 3144 conicere
1313 3081 1442 3144 fortasse
1463 3078 1546 3143 licet.
1591 3081 1698 3165 Neque

529 3179 641 3243 desunt
665 3193 858 3261 argumenta.
912 3180 980 3244 Etsi
1004 3180 1090 3245 enim
1120 3201 1182 3244 non
1206 3200 1314 3243 omnes
1336 3179 1478 3243 homines
1500 3180 1604 3245 idonei
1626 3189 1699 3244 sunt

528 3279 582 3362 qui
603 3279 791 3365 sapientiam
811 3281 1026 3366 adipiscantur
1050 3314 1089 3324 -
1111 3281 1149 3344 cl.
1174 3281 1265 3361 hgin.
1287 3280 1348 3342 226
1368 3277 1473 3362 (Diog.
1493 3280 1525 3343 L.
1547 3278 1699 3360 1x117):

529 3377 606 3440 οὐδὲ
627 3378 693 3463 μην
715 3380 750 3443 ἐκ
771 3378 884 3462 πάσης
903 3376 1056 3460 σώματος
1076 3378 1171 3455 ἕξεως
1193 3376 1301 3460 σοφύν
1322 3382 1478 3457 γενέσθαι
1501 3375 1544 3441 clv
1574 3378 1643 3442 οὐδ’
1665 3381 1702 3442 ἐν

530 3477 631 3540 παντὶ
654 3480 746 3542 ἔθνει
768 3479 875 3561 (δοκεῖ
892 3476 1086 3561 Ἐπικούρῳ)
1100 3516 1135 3526 -
1155 3488 1258 3545 tamen
1282 3501 1399 3561 omnes,
1421 3501 1552 3564 quorum
1575 3479 1702 3564 ingenia

530 3579 594 3644 sint
615 3580 735 3662 idonea,
758 3581 914 3665 sapientes
934 3581 1002 3644 fieri
1020 3601 1109 3666 posse
1129 3580 1193 3644 iam
1215 3602 1254 3645 ex
1271 3581 1329 3646 hoc
1351 3584 1522 3663 fragmento
1539 3579 1700 3644 discimus.

530 3679 616 3756 Quod
637 3688 729 3745 uteo
753 3681 852 3763 magis
874 3682 1047 3761 credamus,
1069 3680 1235 3744 audiamus
1257 3681 1466 3745 Lactantium.

611 3779 656 3844 Cf.
686 3782 776 3862 frgm.
798 3782 857 3844 227
889 3780 1043 3862 (Laetant.
1074 3780 1172 3844 divin.
1203 3780 1277 3844 inst.
1307 3782 1354 3844 ΙΙΙ
1383 3781 1433 3858 25,
1451 3777 1500 3857 dl:
1538 3777 1623 3857 Quid
1656 3787 1703 3842 est

530 3877 621 3943 uliud
643 3878 821 3943 hominibus
833 3900 950 3964 cepere
964 3881 1166 3965 sapientium,
1188 3900 1284 3964 quam
1297 3881 1452 3943 mentibus
1470 3900 1575 3941 eorum
1592 3899 1702 3942 verum

530 4000 567 4042 ae
588 3980 732 4044 divinum
754 3981 857 4043 lemen
880 3978 1035 4058 auferre?
1080 3980 1171 4059 Quod
1190 3981 1219 4044 si
1235 3988 1355 4045 nature
1370 3978 1507 4043 heminis
1528 3981 1703 4064 sapientiae

530 4099 633 4160 οαραι·
664 4087 724 4155 est,
757 4081 896 4165 oportuit
931 4079 1055 4161 opifices
1087 4087 1114 4144 et
1144 4081 1277 4145 rusticos
1306 4087 1334 4143 et
1362 4081 1510 4143 mulieres
1539 4086 1566 4143 et
1595 4100 1702 4144 omnes

530 4179 675 4259 denique,
705 4181 760 4263 qui
789 4179 961 4244 duniacum
984 4179 1124 4261 formum
1150 4185 1282 4261 perum,
1312 4181 1417 4244 doceri
1438 4188 1472 4244 ut
1494 4181 1625 4263 supinet
1643 4201 1701 4264 po-

526 4280 696 4364 pulumque
716 4281 896 4365 sapientem
920 4300 963 4345 esc
984 4280 1095 4343 ονιιιύ
1124 4279 1237 4361 linqua
1266 4288 1294 4344 et
1316 4280 1499 4344 condicione
1521 4286 1549 4344 et
1569 4298 1648 4343 sexu
1669 4287 1702 4344 et

602 4509 627 4575 l)
647 4508 724 4562 Hunc
742 4510 828 4564 locum
850 4512 960 4564 comiter
979 4514 1044 4565 mihi
1063 4514 1192 4566 indicavit
1209 4513 1320 4567 Bittius.
