4075 5717
538 1451 637 1563 Anni
655 1499 909 1564 uncocrcvn
928 1497 1020 1560 inita
1036 1520 1054 1558 a
1070 1495 1169 1583 ortuo
1189 1505 1219 1558 a
1237 1495 1378 1572 nauseo,
1399 1496 1493 1559 huius
1510 1495 1610 1580 phiro-

439 1602 577 1681 logorum
611 1598 771 1662 seminarii
805 1598 992 1674 rectoribus
1028 1596 1168 1679 quaestio
1198 1619 1267 1660 curn
1295 1596 1432 1680 praemio
1456 1597 1611 1680 proposita

436 1710 517 1764 erat:
542 1701 595 1763 Ec
618 1699 783 1765 comoediis
806 1699 964 1762 Plautinis
984 1697 1046 1761 loci
1062 1695 1274 1780 philosophici
1298 1695 1488 1776 callipontur
1515 1717 1611 1781 quarn

432 1801 578 1884 plurimi,
599 1811 667 1864 cunc
689 1798 947 1885 philosophorum
968 1798 1163 1862 Graecorum
1178 1797 1340 1860 sententiis
1361 1803 1507 1859 accurate
1528 1816 1611 1859 corn·

431 1908 608 1985 pareatur,
644 1905 694 1976 ul,
718 1921 777 1984 quo
800 1919 839 1963 en
858 1898 944 1976 fonle
965 1897 1073 1961 hausti
1093 1898 1169 1977 sint,
1191 1896 1237 1959 cel
1259 1915 1297 1960 en
1317 1916 1458 1981 quanam
1475 1894 1612 1979 profecti

435 2000 622 2085 disciplina,
654 2005 818 2084 appareat.
863 1998 1032 2083 imprimis
1064 2018 1134 2060 aero
1160 1996 1371 2061 Trinuncmus
1400 2003 1494 2078 atquc
1516 1995 1610 2061 Miles

438 2101 606 2164 Gloriosus
644 2100 866 2184 respiciantur.
937 2100 1014 2162 Cum
1046 2099 1109 2162 iam
1140 2098 1259 2161 dudum
1290 2097 1485 2182 philosophia
1515 2097 1608 2160 Grae·
1656 2115 1659 2122 ·

436 2223 541 2264 corum
566 2199 656 2263 valde
689 2199 766 2262 mihi
792 2198 962 2283 placuisset
985 2219 1085 2281 neque
1116 2197 1330 2282 displicuisset
1354 2197 1500 2277 Plautus,
1535 2197 1609 2260 haec

437 2299 577 2383 quaestio
598 2299 673 2362 adeo
699 2298 778 2362 mihi
800 2298 976 2377 arridebat,
1008 2313 1044 2362 ut
1074 2299 1267 2362 tractandam
1292 2318 1361 2360 eam
1383 2296 1463 2360 mihi
1486 2317 1608 2360 sumere

438 2400 669 2465 constituerem.
728 2400 922 2482 Quamquam
955 2420 1067 2480 magno
1101 2420 1172 2461 cum
1203 2398 1306 2460 studio
1337 2432 1376 2441 -
1410 2397 1488 2461 bona
1518 2395 1609 2459 venia

436 2500 570 2565 dixerim
592 2533 635 2542 -
657 2498 774 2562 maiore
803 2505 907 2561 autem
931 2519 1001 2561 cum
1027 2498 1138 2580 gaudio
1164 2497 1213 2560 his
1238 2496 1462 2581 philosophicis
1494 2495 1608 2559 studiis

436 2623 484 2664 me
516 2600 685 2678 dedebam,
716 2597 923 2662 nihilominus
955 2620 1025 2661 curn
1057 2597 1124 2660 dies
1148 2597 1331 2681 praestituta
1358 2597 1495 2674 adesset,
1526 2595 1608 2658 sicut

437 2700 504 2763 lieri
527 2699 621 2775 solet,
653 2698 707 2761 vix
739 2696 821 2760 ultra
851 2697 1005 2780 principia
1032 2717 1249 2782 processeram.
1293 2695 1353 2758 Sed
1384 2704 1447 2758 tam
1478 2694 1608 2758 comiter

434 2800 471 2862 de
494 2799 663 2878 fructibuS,
696 2818 772 2881 quos
793 2818 985 2880 carpseram,
1017 2818 1140 2880 semper
1172 2816 1293 2858 mecum
1324 2794 1608 2859 communicaverat

435 2898 563 2977 Birtius,
587 2906 766 2981 praeceptor
789 2896 979 2973 carissimus,
1003 2905 1035 2959 et
1051 2897 1132 2960 haud
1157 2917 1262 2980 pauca,
1286 2917 1365 2978 quae
1386 2882 1436 2958 me
1454 2896 1606 2976 fugerant,

434 2999 642 3075 indicaverat,
677 3006 711 3060 ut
732 2997 841 3059 eadem
868 2996 918 3060 via
949 2996 1113 3080 procedere
1141 2995 1348 3060 deliberatum
1377 2995 1455 3057 mihi
1478 3017 1513 3058 ac
1536 3017 1605 3060 cou-

433 3100 580 3162 stitutum
614 3106 704 3161 esset.
758 3097 884 3160 Praeter
917 3096 1080 3160 Plautinas
1113 3105 1218 3160 autem
1252 3094 1374 3158 tabulas
1408 3117 1479 3158 cum
1508 3096 1603 3159 etiam

433 3198 637 3262 Terentianus
673 3205 704 3259 et
734 3196 922 3261 Graecorum
953 3205 1113 3280 poetarum
1153 3195 1342 3272 comicorum
1377 3194 1526 3277 reliquias
1558 3216 1605 3257 as-

432 3298 599 3361 sumendas
617 3304 768 3381 putarem,
792 3296 932 3373 materia,
958 3318 1037 3380 quae
1055 3297 1116 3360 iam
1138 3317 1192 3380 per
1207 3316 1239 3358 se
1253 3294 1329 3358 satis
1347 3294 1470 3378 copiosa
1489 3302 1554 3356 erat
1576 3302 1607 3356 et

432 3397 518 3476 uber,
542 3390 617 3459 adeo
637 3397 818 3479 augebatur,
844 3406 877 3460 ut
899 3397 1040 3465 omnium
1064 3395 1317 3481 philosophorum
1340 3408 1504 3473 sectarum,
1528 3415 1606 3476 quae

434 3497 493 3558 huc
516 3496 690 3580 pertinent,
714 3497 885 3561 sententias
906 3496 1149 3581 tractarenullo
1173 3495 1263 3559 modo
1285 3514 1422 3578 possem,
1453 3493 1506 3555 sed
1530 3514 1605 3556 non·¹

439 3594 536 3658 nullis
557 3617 607 3658 me
630 3617 697 3660 esse
720 3604 900 3660 contentum
924 3604 1088 3680 oporteret.
1134 3597 1199 3671 Quo
1224 3596 1426 3672 factumest,
1451 3601 1486 3655 ut
1505 3591 1607 3675 prima

437 3705 468 3758 et
503 3694 601 3758 altera
635 3705 721 3780 parte
760 3696 854 3760 huius
897 3690 996 3760 libelli
1036 3696 1075 3760 de
1107 3695 1233 3779 Epicuri
1265 3704 1296 3757 et
1328 3691 1606 3778 Peripateticorum
1674 3734 1680 3742 -

435 3794 621 3878 placitorum
645 3796 804 3878 vestigiis,
841 3818 919 3879 quae
950 3797 1031 3880 apud
1059 3795 1192 3859 comicos
1215 3793 1436 3872 inveniuntur,
1468 3792 1607 3877 disputa-

434 3895 544 3975 verim,
564 3895 657 3958 tertia
672 3896 785 3960 deinde
805 3895 1062 3980 Periplecomeni,
1084 3895 1168 3959 senis
1183 3895 1279 3974 iuius,
1305 3894 1359 3977 qui
1375 3882 1423 3957 est
1438 3893 1470 3957 in
1485 3893 1606 3974 „Milite

433 3991 792 4089 Glorioso‘“,3sermones,
823 3995 878 4078 qui
901 3994 1055 4080 sapientia
1079 3995 1294 4082 philosophica
1316 3994 1507 4071 redundant,
1530 4014 1605 4076 quo·
1699 3997 1701 4001 ’

433 4117 505 4158 nam
529 4116 568 4157 ex
592 4086 676 4159 fonte
698 4095 846 4158 tinxerint
868 4104 963 4177 atque
984 4095 1022 4157 de
1046 4116 1120 4159 sene
1144 4095 1211 4179 ipso
1234 4093 1309 4177 quid
1333 4093 1376 4156 sit
1392 4092 1604 4170 iudicandum,

433 4193 598 4276 anquirere
621 4194 842 4258 conatus'sim.
1485 4180 1488 4184 Δ

517 4295 615 4369 Quam
640 4293 679 4356 ad
702 4315 767 4357 rem
793 4294 975 4378 priusquam
996 4293 1150 4370 accedam,
1174 4313 1251 4376 opus
1272 4290 1397 4355 videtur
1415 4291 1453 4354 de
1476 4290 1605 4370 ratione,

436 4414 514 4475 quae
538 4393 620 4456 inter
645 4401 749 4477 poetas
771 4393 903 4458 comicos
921 4394 1075 4460 Romanos
1098 4402 1129 4456 et
1148 4391 1345 4476 philosophos
1364 4391 1495 4454 Graecos
1510 4390 1606 4453 iuter-

433 4493 524 4581 cedit,
545 4514 641 4576 pauca
661 4494 754 4557 verba
770 4495 878 4556 facere.
923 4493 1031 4577 Neque
1046 4492 1131 4556 enim
1146 4492 1293 4555 Plautum
1307 4511 1406 4575 neque
1417 4489 1603 4554 Terentium
