<?xml version="1.0" encoding="UTF-8"?>
<!DOCTYPE html PUBLIC "-//W3C//DTD XHTML 1.0 Transitional//EN"
    "http://www.w3.org/TR/xhtml1/DTD/xhtml1-transitional.dtd">
<html xmlns="http://www.w3.org/1999/xhtml" xml:lang="en" lang="en">
 <head>
  <title>
</title>
<meta http-equiv="Content-Type" content="text/html;charset=utf-8" />
  <meta name='ocr-system' content='tesseract 3.04.00' />
  <meta name='ocr-capabilities' content='ocr_page ocr_carea ocr_par ocr_line ocrx_word'/>
</head>
<body>
  <div class='ocr_page' id='page_1' title='image "./periplecomenuss00rankgoog_0029.png"; bbox 0 0 4075 5717; ppageno 0'>
   <div class='ocr_carea' id='block_1_1' title="bbox 867 695 1125 786">
    <p class='ocr_par' dir='ltr' id='par_1_1' title="bbox 867 695 1125 786">
     <span class='ocr_line' id='line_1_1' title="bbox 867 695 1125 786; baseline 0 0"><span class='ocrx_word' id='word_1_1' title='bbox 867 695 1125 786; x_wconf 65' lang='lat'><strong><em>.’&#39;27&#39;&#39;&#39;</em></strong></span> 
     </span>
    </p>
   </div>
   <div class='ocr_carea' id='block_1_2' title="bbox 432 869 1611 3753">
    <p class='ocr_par' dir='ltr' id='par_1_2' title="bbox 432 869 1604 1055">
     <span class='ocr_line' id='line_1_2' title="bbox 433 869 1604 958; baseline 0.003 -22"><span class='ocrx_word' id='word_1_2' title='bbox 433 871 626 956; x_wconf 91' lang='lat' dir='ltr'><strong><em>quillitatem</em></strong></span> <span class='ocrx_word' id='word_1_3' title='bbox 658 869 720 954; x_wconf 88' lang='lat' dir='ltr'><strong><em>ipsi</em></strong></span> <span class='ocrx_word' id='word_1_4' title='bbox 748 876 818 935; x_wconf 92' lang='lat' dir='ltr'><strong><em>tum</em></strong></span> <span class='ocrx_word' id='word_1_5' title='bbox 848 873 1035 954; x_wconf 76' lang='grc' dir='ltr'><strong><em>α’ταραξίαν</em></strong></span> <span class='ocrx_word' id='word_1_6' title='bbox 1065 873 1231 953; x_wconf 80' lang='lat' dir='ltr'><strong><em>vocabant,</em></strong></span> <span class='ocrx_word' id='word_1_7' title='bbox 1260 883 1333 939; x_wconf 53' lang='lat' dir='ltr'><strong><em>&#39;tum</em></strong></span> <span class='ocrx_word' id='word_1_8' title='bbox 1354 873 1504 958; x_wconf 73' lang='grc' dir='ltr'><strong><em>ἡσυχίαν,</em></strong></span> <span class='ocrx_word' id='word_1_9' title='bbox 1536 883 1604 939; x_wconf 90' lang='lat' dir='ltr'><strong><em>tum</em></strong></span> 
     </span>
     <span class='ocr_line' id='line_1_3' title="bbox 432 969 619 1055; baseline 0 -4"><span class='ocrx_word' id='word_1_10' title='bbox 432 969 582 1055; x_wconf 67' lang='grc' dir='ltr'><strong><em>τοίνυν·</em></strong></span> <span class='ocrx_word' id='word_1_11' title='bbox 594 969 619 1051; x_wconf 88' lang='grc'><strong><em>1)</em></strong></span> 
     </span>
    </p>

    <p class='ocr_par' dir='ltr' id='par_1_3' title="bbox 432 1071 1608 1956">
     <span class='ocr_line' id='line_1_4' title="bbox 518 1071 1608 1160; baseline 0.001 -24"><span class='ocrx_word' id='word_1_12' title='bbox 518 1072 564 1136; x_wconf 86' lang='lat' dir='ltr'><strong><em>Cf.</em></strong></span> <span class='ocrx_word' id='word_1_13' title='bbox 598 1073 689 1154; x_wconf 81' lang='lat' dir='ltr'><strong><em>frgm.</em></strong></span> <span class='ocrx_word' id='word_1_14' title='bbox 718 1073 780 1137; x_wconf 81' lang='lat'><strong><em>520</em></strong></span> <span class='ocrx_word' id='word_1_15' title='bbox 808 1071 905 1153; x_wconf 88' lang='lat' dir='ltr'><strong><em>(Plut.</em></strong></span> <span class='ocrx_word' id='word_1_16' title='bbox 938 1074 976 1138; x_wconf 93' lang='lat' dir='ltr'><strong><em>de</em></strong></span> <span class='ocrx_word' id='word_1_17' title='bbox 1005 1074 1079 1139; x_wconf 85' lang='lat' dir='ltr'><strong><em>virt.</em></strong></span> <span class='ocrx_word' id='word_1_18' title='bbox 1109 1082 1140 1138; x_wconf 88' lang='lat' dir='ltr'><strong><em>et</em></strong></span> <span class='ocrx_word' id='word_1_19' title='bbox 1169 1074 1267 1138; x_wconf 78' lang='lat' dir='ltr'><strong><em>viae</em></strong></span> <span class='ocrx_word' id='word_1_20' title='bbox 1297 1096 1366 1160; x_wconf 85' lang='lat' dir='ltr'><strong><em>pag.</em></strong></span> <span class='ocrx_word' id='word_1_21' title='bbox 1392 1075 1449 1142; x_wconf 90' lang='grc'><strong><em>101</em></strong></span> <span class='ocrx_word' id='word_1_22' title='bbox 1461 1073 1507 1155; x_wconf 74' lang='lat'><strong><em>¹³):</em></strong></span> <span class='ocrx_word' id='word_1_23' title='bbox 1541 1076 1608 1137; x_wconf 84' lang='grc' dir='ltr'><strong><em>ποῦ</em></strong></span> 
     </span>
     <span class='ocr_line' id='line_1_5' title="bbox 432 1169 1602 1256; baseline 0.003 -25"><span class='ocrx_word' id='word_1_24' title='bbox 432 1175 543 1234; x_wconf 78' lang='grc' dir='ltr'><strong><em>τοίνυν</em></strong></span> <span class='ocrx_word' id='word_1_25' title='bbox 564 1170 602 1233; x_wconf 82' lang='grc' dir='ltr'><strong><em>τδ</em></strong></span> <span class='ocrx_word' id='word_1_26' title='bbox 624 1169 687 1256; x_wconf 67' lang='lat' dir='ltr'><strong><em>quid</em></strong></span> <span class='ocrx_word' id='word_1_27' title='bbox 707 1171 763 1255; x_wconf 82' lang='grc' dir='ltr'><strong><em>τῆς</em></strong></span> <span class='ocrx_word' id='word_1_28' title='bbox 783 1175 896 1244; x_wconf 86' lang='grc' dir='ltr'><strong><em>κακίας</em></strong></span> <span class='ocrx_word' id='word_1_29' title='bbox 916 1173 1026 1252; x_wconf 80' lang='grc' dir='ltr'><strong><em>ἐστίν,</em></strong></span> <span class='ocrx_word' id='word_1_30' title='bbox 1060 1172 1091 1236; x_wconf 82' lang='grc' dir='ltr'><strong><em>εἰ</em></strong></span> <span class='ocrx_word' id='word_1_31' title='bbox 1109 1172 1266 1254; x_wconf 79' lang='grc' dir='ltr'><strong><em>μηδαμοῦ</em></strong></span> <span class='ocrx_word' id='word_1_32' title='bbox 1286 1173 1325 1236; x_wconf 84' lang='grc' dir='ltr'><strong><em>τδ</em></strong></span> <span class='ocrx_word' id='word_1_33' title='bbox 1347 1172 1528 1254; x_wconf 76' lang='grc' dir='ltr'><strong><em>α’μέριμνον</em></strong></span> <span class='ocrx_word' id='word_1_34' title='bbox 1548 1173 1602 1235; x_wconf 80' lang='grc' dir='ltr'><strong><em>καὶ</em></strong></span> 
     </span>
     <span class='ocr_line' id='line_1_6' title="bbox 433 1266 1607 1356; baseline 0.004 -26"><span class='ocrx_word' id='word_1_35' title='bbox 433 1270 471 1333; x_wconf 80' lang='lat' dir='ltr'><strong><em>ed</em></strong></span> <span class='ocrx_word' id='word_1_36' title='bbox 494 1266 624 1333; x_wconf 84' lang='grc' dir='ltr'><strong><em>άλυπου</em></strong></span> <span class='ocrx_word' id='word_1_37' title='bbox 645 1269 722 1352; x_wconf 82' lang='grc' dir='ltr'><strong><em>μηδ’</em></strong></span> <span class='ocrx_word' id='word_1_38' title='bbox 751 1268 929 1350; x_wconf 77' lang='grc' dir='ltr'><strong><em>αὐτάρκεια</em></strong></span> <span class='ocrx_word' id='word_1_39' title='bbox 958 1273 1035 1356; x_wconf 82' lang='grc' dir='ltr'><strong><em>μηδ’</em></strong></span> <span class='ocrx_word' id='word_1_40' title='bbox 1065 1274 1230 1354; x_wconf 72' lang='grc' dir='ltr'><strong><em>ἀταραξία</em></strong></span> <span class='ocrx_word' id='word_1_41' title='bbox 1261 1271 1338 1356; x_wconf 87' lang='grc' dir='ltr'><strong><em>μηδ’</em></strong></span> <span class='ocrx_word' id='word_1_42' title='bbox 1365 1272 1503 1356; x_wconf 75' lang='grc' dir='ltr'><strong><em>ἡσυχία;</em></strong></span> <span class='ocrx_word' id='word_1_43' title='bbox 1536 1276 1607 1346; x_wconf 82' lang='grc' dir='ltr'><strong><em>ταῖς</em></strong></span> 
     </span>
     <span class='ocr_line' id='line_1_7' title="bbox 432 1368 1606 1457; baseline 0 -24"><span class='ocrx_word' id='word_1_44' title='bbox 432 1375 494 1451; x_wconf 78' lang='grc' dir='ltr'><strong><em>μὲν</em></strong></span> <span class='ocrx_word' id='word_1_45' title='bbox 524 1370 584 1451; x_wconf 87' lang='grc' dir='ltr'><strong><em>γάρ</em></strong></span> <span class='ocrx_word' id='word_1_46' title='bbox 616 1374 672 1452; x_wconf 78' lang='grc' dir='ltr'><strong><em>της</em></strong></span> <span class='ocrx_word' id='word_1_47' title='bbox 702 1369 821 1451; x_wconf 80' lang='grc' dir='ltr'><strong><em>σαρκός</em></strong></span> <span class='ocrx_word' id='word_1_48' title='bbox 851 1370 984 1455; x_wconf 75' lang='grc' dir='ltr'><strong><em>ἡδοναῖς</em></strong></span> <span class='ocrx_word' id='word_1_49' title='bbox 1017 1373 1038 1457; x_wconf 78' lang='grc' dir='ltr'><em>ἡ</em></span> <span class='ocrx_word' id='word_1_50' title='bbox 1071 1374 1130 1435; x_wconf 85' lang='grc' dir='ltr'><strong><em>τοῦ</em></strong></span> <span class='ocrx_word' id='word_1_51' title='bbox 1165 1368 1316 1451; x_wconf 75' lang='grc' dir='ltr'><strong><em>σώματος</em></strong></span> <span class='ocrx_word' id='word_1_52' title='bbox 1354 1371 1513 1454; x_wconf 80' lang='grc' dir='ltr'><strong><em>εδιιρασία</em></strong></span> <span class='ocrx_word' id='word_1_53' title='bbox 1552 1371 1606 1434; x_wconf 81' lang='grc' dir='ltr'><strong><em>καὶ</em></strong></span> 
     </span>
     <span class='ocr_line' id='line_1_8' title="bbox 433 1468 1602 1561; baseline -0.001 -25"><span class='ocrx_word' id='word_1_54' title='bbox 433 1473 535 1551; x_wconf 73' lang='grc' dir='ltr'><strong><em>ὑγίεια</em></strong></span> <span class='ocrx_word' id='word_1_55' title='bbox 555 1468 665 1552; x_wconf 79' lang='grc' dir='ltr'><strong><em>χώραν</em></strong></span> <span class='ocrx_word' id='word_1_56' title='bbox 688 1470 814 1536; x_wconf 76' lang='grc' dir='ltr'><strong><em>δίδοται·</em></strong></span> <span class='ocrx_word' id='word_1_57' title='bbox 856 1476 896 1557; x_wconf 75' lang='grc' dir='ltr'><strong><em>τῇ</em></strong></span> <span class='ocrx_word' id='word_1_58' title='bbox 916 1474 953 1536; x_wconf 77' lang='grc' dir='ltr'><strong><em>δὲ</em></strong></span> <span class='ocrx_word' id='word_1_59' title='bbox 977 1476 1068 1561; x_wconf 74' lang='grc' dir='ltr'><strong><em>ψυχῇ</em></strong></span> <span class='ocrx_word' id='word_1_60' title='bbox 1088 1472 1146 1536; x_wconf 76' lang='grc' dir='ltr'><strong><em>οὐκ</em></strong></span> <span class='ocrx_word' id='word_1_61' title='bbox 1175 1473 1480 1554; x_wconf 65' lang='grc' dir='ltr'><strong><em>ἔστινζέγγενέσθαι</em></strong></span> <span class='ocrx_word' id='word_1_62' title='bbox 1500 1475 1602 1556; x_wconf 78' lang='grc' dir='ltr'><strong><em>γῆθος</em></strong></span> 
     </span>
     <span class='ocr_line' id='line_1_9' title="bbox 432 1568 1594 1658; baseline 0.001 -23"><span class='ocrx_word' id='word_1_63' title='bbox 432 1572 510 1635; x_wconf 77' lang='grc' dir='ltr'><strong><em>οὐδὲ</em></strong></span> <span class='ocrx_word' id='word_1_64' title='bbox 529 1572 634 1658; x_wconf 81' lang='grc' dir='ltr'><strong><em>χαράν</em></strong></span> <span class='ocrx_word' id='word_1_65' title='bbox 653 1575 804 1658; x_wconf 78' lang='grc' dir='ltr'><strong><em>βέβαιον,</em></strong></span> <span class='ocrx_word' id='word_1_66' title='bbox 835 1569 878 1635; x_wconf 89' lang='grc' dir='ltr'><strong><em>άν</em></strong></span> <span class='ocrx_word' id='word_1_67' title='bbox 899 1572 945 1658; x_wconf 77' lang='grc' dir='ltr'>μή</span> <span class='ocrx_word' id='word_1_68' title='bbox 966 1575 1004 1636; x_wconf 81' lang='grc' dir='ltr'><strong><em>τά</em></strong></span> <span class='ocrx_word' id='word_1_69' title='bbox 1035 1569 1185 1655; x_wconf 75' lang='grc' dir='ltr'><strong><em>εὔθυμον</em></strong></span> <span class='ocrx_word' id='word_1_70' title='bbox 1205 1572 1259 1635; x_wconf 82' lang='grc' dir='ltr'><strong><em>καὶ</em></strong></span> <span class='ocrx_word' id='word_1_71' title='bbox 1281 1568 1410 1656; x_wconf 76' lang='grc' dir='ltr'><strong><em>ἄφοβον</em></strong></span> <span class='ocrx_word' id='word_1_72' title='bbox 1437 1573 1491 1636; x_wconf 81' lang='grc' dir='ltr'><strong><em>καὶ</em></strong></span> <span class='ocrx_word' id='word_1_73' title='bbox 1511 1577 1594 1654; x_wconf 85' lang='grc' dir='ltr'><strong><em>θαρ-</em></strong></span> 
     </span>
     <span class='ocr_line' id='line_1_10' title="bbox 435 1658 1607 1762; baseline 0.002 -27"><span class='ocrx_word' id='word_1_74' title='bbox 435 1672 551 1754; x_wconf 79' lang='grc' dir='ltr'><strong><em>ραλέον</em></strong></span> <span class='ocrx_word' id='word_1_75' title='bbox 584 1658 698 1752; x_wconf 67' lang='grc' dir='ltr'><strong><em>οἵσπερ</em></strong></span> <span class='ocrx_word' id='word_1_76' title='bbox 728 1671 828 1752; x_wconf 71' lang='grc' dir='ltr'><strong><em>ἕδραν</em></strong></span> <span class='ocrx_word' id='word_1_77' title='bbox 858 1668 881 1757; x_wconf 73' lang='grc' dir='ltr'><em>ἢ</em></span> <span class='ocrx_word' id='word_1_78' title='bbox 912 1671 1055 1756; x_wconf 80' lang='grc' dir='ltr'><strong><em>γαλήνην</em></strong></span> <span class='ocrx_word' id='word_1_79' title='bbox 1083 1671 1247 1737; x_wconf 79' lang='grc' dir='ltr'><strong><em>ἄκλυστον</em></strong></span> <span class='ocrx_word' id='word_1_80' title='bbox 1268 1671 1490 1762; x_wconf 76' lang='grc' dir='ltr'><strong><em>ὑποβάληται,</em></strong></span> <span class='ocrx_word' id='word_1_81' title='bbox 1522 1671 1607 1737; x_wconf 85' lang='grc' dir='ltr'><strong><em>άλλα</em></strong></span> 
     </span>
     <span class='ocr_line' id='line_1_11' title="bbox 435 1768 1608 1863; baseline 0 -29"><span class='ocrx_word' id='word_1_82' title='bbox 435 1769 497 1836; x_wconf 83' lang='grc' dir='ltr'><strong><em>κάν</em></strong></span> <span class='ocrx_word' id='word_1_83' title='bbox 528 1768 751 1854; x_wconf 73' lang='grc' dir='ltr'><strong><em>ὑπομειδιάσῃ</em></strong></span> <span class='ocrx_word' id='word_1_84' title='bbox 784 1794 830 1845; x_wconf 91' lang='grc' dir='ltr'><strong><em>τις</em></strong></span> <span class='ocrx_word' id='word_1_85' title='bbox 862 1773 955 1846; x_wconf 81' lang='grc' dir='ltr'><strong><em>ἐλπὶς</em></strong></span> <span class='ocrx_word' id='word_1_86' title='bbox 987 1770 1010 1856; x_wconf 75' lang='grc' dir='ltr'><strong><em>η’</em></strong></span> <span class='ocrx_word' id='word_1_87' title='bbox 1041 1781 1170 1863; x_wconf 80' lang='grc' dir='ltr'><strong><em>τέρψις,</em></strong></span> <span class='ocrx_word' id='word_1_88' title='bbox 1205 1769 1289 1855; x_wconf 74' lang='grc' dir='ltr'><strong><em>αὕτη</em></strong></span> <span class='ocrx_word' id='word_1_89' title='bbox 1317 1773 1400 1852; x_wconf 81' lang='grc' dir='ltr'><strong><em>ταχδ</em></strong></span> <span class='ocrx_word' id='word_1_90' title='bbox 1434 1771 1608 1854; x_wconf 82' lang='grc' dir='ltr'><strong><em>φροντίδος</em></strong></span> 
     </span>
     <span class='ocr_line' id='line_1_12' title="bbox 436 1868 1606 1956; baseline -0.001 -21"><span class='ocrx_word' id='word_1_91' title='bbox 436 1874 620 1953; x_wconf 79' lang='grc' dir='ltr'><strong><em>ἐκραγείσης</em></strong></span> <span class='ocrx_word' id='word_1_92' title='bbox 632 1868 746 1953; x_wconf 70' lang='grc' dir='ltr'><strong><em>οἵσπερ</em></strong></span> <span class='ocrx_word' id='word_1_93' title='bbox 763 1872 799 1935; x_wconf 83' lang='grc' dir='ltr'><strong><em>ἐν</em></strong></span> <span class='ocrx_word' id='word_1_94' title='bbox 818 1871 914 1956; x_wconf 75' lang='grc' dir='ltr'><strong><em>εὐδίᾳ</em></strong></span> <span class='ocrx_word' id='word_1_95' title='bbox 934 1873 1096 1948; x_wconf 85' lang='grc' dir='ltr'><strong><em>σπιλάδος</em></strong></span> <span class='ocrx_word' id='word_1_96' title='bbox 1114 1873 1284 1955; x_wconf 77' lang='grc' dir='ltr'><strong><em>συνεχύθη</em></strong></span> <span class='ocrx_word' id='word_1_97' title='bbox 1295 1873 1349 1936; x_wconf 81' lang='grc' dir='ltr'><strong><em>καὶ</em></strong></span> <span class='ocrx_word' id='word_1_98' title='bbox 1362 1870 1606 1954; x_wconf 83' lang='grc' dir='ltr'><strong><em>συνεταράχθη.</em></strong></span> 
     </span>
    </p>

    <p class='ocr_par' dir='ltr' id='par_1_4' title="bbox 521 1972 1526 2061">
     <span class='ocr_line' id='line_1_13' title="bbox 521 1972 1526 2061; baseline 0.002 -25"><span class='ocrx_word' id='word_1_99' title='bbox 521 1972 625 2036; x_wconf 87' lang='lat' dir='ltr'><strong><em>Etiam</em></strong></span> <span class='ocrx_word' id='word_1_100' title='bbox 643 1972 722 2037; x_wconf 89' lang='lat' dir='ltr'><strong><em>alibi</em></strong></span> <span class='ocrx_word' id='word_1_101' title='bbox 743 1973 844 2039; x_wconf 89' lang='lat' dir='ltr'><strong><em>animi</em></strong></span> <span class='ocrx_word' id='word_1_102' title='bbox 866 1976 1082 2061; x_wconf 87' lang='lat' dir='ltr'><strong><em>tranquillitas</em></strong></span> <span class='ocrx_word' id='word_1_103' title='bbox 1106 1997 1177 2039; x_wconf 88' lang='lat' dir='ltr'><strong><em>oum</em></strong></span> <span class='ocrx_word' id='word_1_104' title='bbox 1201 1974 1298 2038; x_wconf 91' lang='lat' dir='ltr'><strong><em>maris</em></strong></span> <span class='ocrx_word' id='word_1_105' title='bbox 1320 1973 1526 2059; x_wconf 80' lang='lat' dir='ltr'>componitur.</span> 
     </span>
    </p>

    <p class='ocr_par' dir='ltr' id='par_1_5' title="bbox 433 2070 1608 2458">
     <span class='ocr_line' id='line_1_14' title="bbox 523 2070 1608 2159; baseline 0.001 -24"><span class='ocrx_word' id='word_1_106' title='bbox 523 2073 567 2136; x_wconf 84' lang='lat' dir='ltr'><strong><em>Cf.</em></strong></span> <span class='ocrx_word' id='word_1_107' title='bbox 598 2073 688 2153; x_wconf 84' lang='lat' dir='ltr'><strong><em>frgm.</em></strong></span> <span class='ocrx_word' id='word_1_108' title='bbox 718 2072 781 2137; x_wconf 76' lang='lat'><strong><em>426</em></strong></span> <span class='ocrx_word' id='word_1_109' title='bbox 812 2073 889 2155; x_wconf 77' lang='lat' dir='ltr'><strong><em>(oio.</em></strong></span> <span class='ocrx_word' id='word_1_110' title='bbox 921 2076 1012 2139; x_wconf 90' lang='lat' dir='ltr'><strong><em>Tuse.</em></strong></span> <span class='ocrx_word' id='word_1_111' title='bbox 1039 2075 1119 2159; x_wconf 87' lang='lat' dir='ltr'><strong>disp.</strong></span> <span class='ocrx_word' id='word_1_112' title='bbox 1143 2075 1181 2137; x_wconf 88' lang='lat' dir='ltr'><strong><em>V.</em></strong></span> <span class='ocrx_word' id='word_1_113' title='bbox 1207 2070 1276 2152; x_wconf 84' lang='lat'>16):</span> <span class='ocrx_word' id='word_1_114' title='bbox 1315 2072 1355 2137; x_wconf 87' lang='lat' dir='ltr'><strong><em>Ut</em></strong></span> <span class='ocrx_word' id='word_1_115' title='bbox 1382 2074 1482 2139; x_wconf 81' lang='lat' dir='ltr'><strong><em>muria</em></strong></span> <span class='ocrx_word' id='word_1_116' title='bbox 1509 2074 1608 2158; x_wconf 78' lang='lat' dir='ltr'><strong><em>ipitar</em></strong></span> 
     </span>
     <span class='ocr_line' id='line_1_15' title="bbox 436 2171 1608 2255; baseline 0.001 -19"><span class='ocrx_word' id='word_1_117' title='bbox 436 2173 656 2253; x_wconf 80' lang='lat' dir='ltr'><strong><em>tranquillitos</em></strong></span> <span class='ocrx_word' id='word_1_118' title='bbox 684 2171 876 2252; x_wconf 77' lang='lat' dir='ltr'><strong><em>inteltepe‘tar</em></strong></span> <span class='ocrx_word' id='word_1_119' title='bbox 898 2173 988 2238; x_wconf 86' lang='grc' dir='ltr'><strong><em>οιιλία</em></strong></span> <span class='ocrx_word' id='word_1_120' title='bbox 1017 2194 1056 2237; x_wconf 80' lang='grc' dir='ltr'><strong><em>ιιι</em></strong></span> <span class='ocrx_word' id='word_1_121' title='bbox 1077 2173 1213 2236; x_wconf 81' lang='lat' dir='ltr'><strong><em>minimo</em></strong></span> <span class='ocrx_word' id='word_1_122' title='bbox 1244 2172 1372 2253; x_wconf 80' lang='lat' dir='ltr'><strong><em>quidem</em></strong></span> <span class='ocrx_word' id='word_1_123' title='bbox 1393 2194 1477 2245; x_wconf 78' lang='lat' dir='ltr'><strong><em>aare</em></strong></span> <span class='ocrx_word' id='word_1_124' title='bbox 1495 2173 1608 2255; x_wconf 77' lang='lat' dir='ltr'><strong><em>fluetus</em></strong></span> 
     </span>
     <span class='ocr_line' id='line_1_16' title="bbox 436 2271 1607 2356; baseline 0 -20"><span class='ocrx_word' id='word_1_125' title='bbox 436 2277 656 2349; x_wconf 74' lang='lat' dir='ltr'><strong><em>commovente,</em></strong></span> <span class='ocrx_word' id='word_1_126' title='bbox 676 2271 723 2335; x_wconf 83' lang='lat' dir='ltr'><strong><em>sie</em></strong></span> <span class='ocrx_word' id='word_1_127' title='bbox 746 2272 848 2334; x_wconf 80' lang='lat' dir='ltr'><strong><em>animi</em></strong></span> <span class='ocrx_word' id='word_1_128' title='bbox 869 2273 992 2353; x_wconf 76' lang='lat' dir='ltr'><strong><em>quietas</em></strong></span> <span class='ocrx_word' id='word_1_129' title='bbox 1014 2278 1043 2337; x_wconf 90' lang='lat' dir='ltr'><strong><em>et</em></strong></span> <span class='ocrx_word' id='word_1_130' title='bbox 1065 2273 1212 2356; x_wconf 80' lang='lat' dir='ltr'><strong><em>placatus</em></strong></span> <span class='ocrx_word' id='word_1_131' title='bbox 1232 2279 1333 2336; x_wconf 79' lang='lat' dir='ltr'><strong><em>otetur</em></strong></span> <span class='ocrx_word' id='word_1_132' title='bbox 1354 2273 1514 2350; x_wconf 81' lang='lat' dir='ltr'><strong><em>cernitar,</em></strong></span> <span class='ocrx_word' id='word_1_133' title='bbox 1537 2293 1607 2337; x_wconf 87' lang='lat' dir='ltr'><strong><em>eum</em></strong></span> 
     </span>
     <span class='ocr_line' id='line_1_17' title="bbox 433 2372 1180 2458; baseline -0.001 -22"><span class='ocrx_word' id='word_1_134' title='bbox 433 2372 628 2458; x_wconf 76' lang='lat' dir='ltr'><strong><em>perturbatio</em></strong></span> <span class='ocrx_word' id='word_1_135' title='bbox 649 2372 745 2436; x_wconf 85' lang='grc' dir='ltr'><strong><em>οιιίλα</em></strong></span> <span class='ocrx_word' id='word_1_136' title='bbox 767 2377 825 2448; x_wconf 85' lang='lat' dir='ltr'><strong><em>est,</em></strong></span> <span class='ocrx_word' id='word_1_137' title='bbox 854 2393 917 2456; x_wconf 85' lang='lat' dir='ltr'><strong><em>qua</em></strong></span> <span class='ocrx_word' id='word_1_138' title='bbox 938 2373 1057 2437; x_wconf 82' lang='lat' dir='ltr'><strong><em>moveri</em></strong></span> <span class='ocrx_word' id='word_1_139' title='bbox 1077 2378 1180 2454; x_wconf 86' lang='lat' dir='ltr'><strong><em>queat.</em></strong></span> 
     </span>
    </p>

    <p class='ocr_par' dir='ltr' id='par_1_6' title="bbox 436 2468 1607 2856">
     <span class='ocr_line' id='line_1_18' title="bbox 520 2468 1607 2556; baseline -0.004 -20"><span class='ocrx_word' id='word_1_140' title='bbox 520 2474 617 2549; x_wconf 83' lang='lat' dir='ltr'><strong><em>Quam</em></strong></span> <span class='ocrx_word' id='word_1_141' title='bbox 629 2471 817 2556; x_wconf 80' lang='lat' dir='ltr'>Epicuream</span> <span class='ocrx_word' id='word_1_142' title='bbox 833 2468 975 2554; x_wconf 84' lang='grc' dir='ltr'><strong><em>γαλήνην</em></strong></span> <span class='ocrx_word' id='word_1_143' title='bbox 992 2472 1097 2536; x_wconf 89' lang='lat' dir='ltr'><strong><em>Philto</em></strong></span> <span class='ocrx_word' id='word_1_144' title='bbox 1114 2493 1235 2556; x_wconf 92' lang='lat' dir='ltr'><strong><em>quoque</em></strong></span> <span class='ocrx_word' id='word_1_145' title='bbox 1257 2470 1319 2535; x_wconf 92' lang='lat' dir='ltr'><strong><em>sibi</em></strong></span> <span class='ocrx_word' id='word_1_146' title='bbox 1340 2491 1462 2537; x_wconf 88' lang='lat' dir='ltr'><strong><em>servare</em></strong></span> <span class='ocrx_word' id='word_1_147' title='bbox 1484 2470 1607 2545; x_wconf 86' lang='lat' dir='ltr'><strong><em>studet;</em></strong></span> 
     </span>
     <span class='ocr_line' id='line_1_19' title="bbox 437 2568 1607 2657; baseline -0.003 -23"><span class='ocrx_word' id='word_1_148' title='bbox 437 2570 542 2655; x_wconf 83' lang='lat' dir='ltr'><strong><em>itaque</em></strong></span> <span class='ocrx_word' id='word_1_149' title='bbox 559 2571 697 2635; x_wconf 84' lang='lat' dir='ltr'><strong><em>hiemem</em></strong></span> <span class='ocrx_word' id='word_1_150' title='bbox 720 2579 1012 2657; x_wconf 82' lang='lat' dir='ltr'><strong><em>tempestatemque,</em></strong></span> <span class='ocrx_word' id='word_1_151' title='bbox 1039 2593 1117 2656; x_wconf 92' lang='lat' dir='ltr'><strong><em>quae</em></strong></span> <span class='ocrx_word' id='word_1_152' title='bbox 1140 2571 1235 2636; x_wconf 89' lang='lat' dir='ltr'><strong><em>maris</em></strong></span> <span class='ocrx_word' id='word_1_153' title='bbox 1253 2568 1514 2654; x_wconf 80' lang='lat' dir='ltr'><strong><em>tranquillitatem</em></strong></span> <span class='ocrx_word' id='word_1_154' title='bbox 1539 2582 1607 2652; x_wconf 86' lang='lat' dir='ltr'><strong><em>per-</em></strong></span> 
     </span>
     <span class='ocr_line' id='line_1_20' title="bbox 437 2670 1607 2757; baseline -0.003 -23"><span class='ocrx_word' id='word_1_155' title='bbox 437 2671 581 2751; x_wconf 88' lang='lat' dir='ltr'><strong><em>turbant,</em></strong></span> <span class='ocrx_word' id='word_1_156' title='bbox 617 2681 764 2736; x_wconf 86' lang='lat' dir='ltr'><strong><em>removet.</em></strong></span> <span class='ocrx_word' id='word_1_157' title='bbox 809 2670 914 2748; x_wconf 77' lang='lat' dir='ltr'><strong><em>Quid?</em></strong></span> <span class='ocrx_word' id='word_1_158' title='bbox 947 2673 1029 2757; x_wconf 92' lang='lat' dir='ltr'><strong><em>quod</em></strong></span> <span class='ocrx_word' id='word_1_159' title='bbox 1059 2672 1155 2736; x_wconf 89' lang='lat' dir='ltr'><strong><em>etiam</em></strong></span> <span class='ocrx_word' id='word_1_160' title='bbox 1184 2670 1327 2752; x_wconf 87' lang='lat' dir='ltr'><strong><em>„hiems“</em></strong></span> <span class='ocrx_word' id='word_1_161' title='bbox 1357 2676 1388 2732; x_wconf 91' lang='lat' dir='ltr'><strong><em>et</em></strong></span> <span class='ocrx_word' id='word_1_162' title='bbox 1418 2675 1607 2752; x_wconf 79' lang='lat' dir='ltr'><strong><em>„tempestas</em></strong></span> 
     </span>
     <span class='ocr_line' id='line_1_21' title="bbox 436 2769 1042 2856; baseline 0.002 -21"><span class='ocrx_word' id='word_1_163' title='bbox 436 2769 557 2835; x_wconf 90' lang='lat' dir='ltr'><strong><em>animi“</em></strong></span> <span class='ocrx_word' id='word_1_164' title='bbox 579 2770 680 2856; x_wconf 89' lang='lat' dir='ltr'><strong><em>ipsius</em></strong></span> <span class='ocrx_word' id='word_1_165' title='bbox 699 2771 826 2856; x_wconf 89' lang='lat' dir='ltr'><strong><em>Epiouri</em></strong></span> <span class='ocrx_word' id='word_1_166' title='bbox 849 2771 963 2836; x_wconf 91' lang='lat' dir='ltr'><strong><em>looutio</em></strong></span> <span class='ocrx_word' id='word_1_167' title='bbox 986 2780 1042 2836; x_wconf 91' lang='lat' dir='ltr'><strong><em>est.</em></strong></span> 
     </span>
    </p>

    <p class='ocr_par' dir='ltr' id='par_1_7' title="bbox 435 2866 1607 3058">
     <span class='ocr_line' id='line_1_22' title="bbox 517 2866 1607 2957; baseline -0.007 -22"><span class='ocrx_word' id='word_1_168' title='bbox 517 2872 561 2935; x_wconf 84' lang='lat' dir='ltr'><strong><em>Cl.</em></strong></span> <span class='ocrx_word' id='word_1_169' title='bbox 585 2893 632 2957; x_wconf 90' lang='lat' dir='ltr'><strong><em>ep.</em></strong></span> <span class='ocrx_word' id='word_1_170' title='bbox 656 2873 703 2935; x_wconf 93' lang='lat' dir='ltr'><strong><em>lll</em></strong></span> <span class='ocrx_word' id='word_1_171' title='bbox 727 2873 801 2936; x_wconf 78' lang='lat'>128:</span> <span class='ocrx_word' id='word_1_172' title='bbox 836 2866 978 2934; x_wconf 72' lang='lat' dir='ltr'><strong><em>traete</em></strong></span> <span class='ocrx_word' id='word_1_173' title='bbox 1008 2867 1105 2946; x_wconf 75' lang='grc' dir='ltr'><strong><em>ἅπαξ</em></strong></span> <span class='ocrx_word' id='word_1_174' title='bbox 1135 2871 1233 2932; x_wconf 84' lang='grc' dir='ltr'><strong><em>τοῦτο</em></strong></span> <span class='ocrx_word' id='word_1_175' title='bbox 1255 2867 1331 2947; x_wconf 82' lang='grc' dir='ltr'><strong><em>περὶ</em></strong></span> <span class='ocrx_word' id='word_1_176' title='bbox 1355 2866 1440 2949; x_wconf 72' lang='grc' dir='ltr'><strong><em>ἡμᾶς</em></strong></span> <span class='ocrx_word' id='word_1_177' title='bbox 1468 2873 1607 2953; x_wconf 77' lang='grc' dir='ltr'><strong><em>γένηται,</em></strong></span> 
     </span>
     <span class='ocr_line' id='line_1_23' title="bbox 435 2968 1017 3058; baseline -0.001 -26"><span class='ocrx_word' id='word_1_178' title='bbox 435 2969 547 3033; x_wconf 77' lang='grc' dir='ltr'><strong><em>λύεται</em></strong></span> <span class='ocrx_word' id='word_1_179' title='bbox 568 2974 635 3043; x_wconf 83' lang='grc' dir='ltr'><strong><em>πᾶς</em></strong></span> <span class='ocrx_word' id='word_1_180' title='bbox 653 2969 671 3032; x_wconf 89' lang='lat' dir='ltr'><strong><em>o‘</em></strong></span> <span class='ocrx_word' id='word_1_181' title='bbox 691 2973 746 3054; x_wconf 82' lang='grc' dir='ltr'><strong><em>τῆς</em></strong></span> <span class='ocrx_word' id='word_1_182' title='bbox 768 2973 876 3058; x_wconf 82' lang='grc' dir='ltr'><strong><em>ψυχῆς</em></strong></span> <span class='ocrx_word' id='word_1_183' title='bbox 896 2968 1017 3050; x_wconf 82' lang='grc' dir='ltr'><strong><em>χειμών</em></strong></span> 
     </span>
    </p>

    <p class='ocr_par' dir='ltr' id='par_1_8' title="bbox 437 3064 1611 3753">
     <span class='ocr_line' id='line_1_24' title="bbox 518 3064 1608 3155; baseline -0.006 -22"><span class='ocrx_word' id='word_1_184' title='bbox 518 3070 556 3133; x_wconf 84' lang='lat' dir='ltr'><strong><em>Et</em></strong></span> <span class='ocrx_word' id='word_1_185' title='bbox 576 3070 652 3134; x_wconf 90' lang='lat' dir='ltr'><strong><em>haeo</em></strong></span> <span class='ocrx_word' id='word_1_186' title='bbox 673 3070 801 3154; x_wconf 89' lang='lat' dir='ltr'><strong><em>quidem</em></strong></span> <span class='ocrx_word' id='word_1_187' title='bbox 824 3071 862 3135; x_wconf 86' lang='lat' dir='ltr'><strong><em>do</em></strong></span> <span class='ocrx_word' id='word_1_188' title='bbox 885 3071 1118 3155; x_wconf 86' lang='lat' dir='ltr'><strong><em>tranquillitate</em></strong></span> <span class='ocrx_word' id='word_1_189' title='bbox 1139 3069 1237 3133; x_wconf 90' lang='lat' dir='ltr'><strong><em>animi</em></strong></span> <span class='ocrx_word' id='word_1_190' title='bbox 1261 3089 1315 3153; x_wconf 90' lang='lat' dir='ltr'><strong><em>per</em></strong></span> <span class='ocrx_word' id='word_1_191' title='bbox 1335 3086 1500 3136; x_wconf 87' lang='lat' dir='ltr'><strong><em>exoursum</em></strong></span> <span class='ocrx_word' id='word_1_192' title='bbox 1524 3064 1608 3127; x_wconf 90' lang='lat' dir='ltr'><strong><em>diota</em></strong></span> 
     </span>
     <span class='ocr_line' id='line_1_25' title="bbox 439 3168 1607 3255; baseline -0.007 -21"><span class='ocrx_word' id='word_1_193' title='bbox 439 3170 521 3249; x_wconf 83' lang='lat' dir='ltr'><strong><em>sint3</em></strong></span> <span class='ocrx_word' id='word_1_194' title='bbox 545 3169 674 3233; x_wconf 88' lang='lat' dir='ltr'><strong><em>iamiam</em></strong></span> <span class='ocrx_word' id='word_1_195' title='bbox 697 3169 1001 3255; x_wconf 88' lang='lat' dir='ltr'><strong><em>„oompensationis“</em></strong></span> <span class='ocrx_word' id='word_1_196' title='bbox 1025 3170 1158 3254; x_wconf 84' lang='lat' dir='ltr'><strong><em>vestigia</em></strong></span> <span class='ocrx_word' id='word_1_197' title='bbox 1178 3168 1367 3251; x_wconf 84' lang='lat' dir='ltr'><strong><em>investigare</em></strong></span> <span class='ocrx_word' id='word_1_198' title='bbox 1382 3185 1547 3252; x_wconf 85' lang='lat' dir='ltr'><strong><em>pergamus</em></strong></span> <span class='ocrx_word' id='word_1_199' title='bbox 1568 3170 1607 3241; x_wconf 89' lang='lat' dir='ltr'><strong><em>et,</em></strong></span> 
     </span>
     <span class='ocr_line' id='line_1_26' title="bbox 437 3265 1608 3354; baseline -0.007 -20"><span class='ocrx_word' id='word_1_200' title='bbox 437 3292 514 3334; x_wconf 92' lang='lat' dir='ltr'><strong><em>num</em></strong></span> <span class='ocrx_word' id='word_1_201' title='bbox 543 3268 680 3333; x_wconf 87' lang='lat' dir='ltr'><strong><em>Leonida</em></strong></span> <span class='ocrx_word' id='word_1_202' title='bbox 709 3277 740 3332; x_wconf 90' lang='lat' dir='ltr'><strong><em>et</em></strong></span> <span class='ocrx_word' id='word_1_203' title='bbox 768 3270 906 3334; x_wconf 89' lang='lat' dir='ltr'><strong><em>Libanus</em></strong></span> <span class='ocrx_word' id='word_1_204' title='bbox 936 3270 1038 3349; x_wconf 86' lang='lat' dir='ltr'><strong><em>servi,</em></strong></span> <span class='ocrx_word' id='word_1_205' title='bbox 1069 3269 1124 3354; x_wconf 92' lang='lat' dir='ltr'><strong><em>qui</em></strong></span> <span class='ocrx_word' id='word_1_206' title='bbox 1155 3269 1189 3333; x_wconf 93' lang='lat' dir='ltr'><strong><em>in</em></strong></span> <span class='ocrx_word' id='word_1_207' title='bbox 1212 3267 1360 3332; x_wconf 83' lang='lat' dir='ltr'><strong><em>Asinaria</em></strong></span> <span class='ocrx_word' id='word_1_208' title='bbox 1389 3265 1495 3330; x_wconf 88' lang='lat' dir='ltr'><strong><em>fabula</em></strong></span> <span class='ocrx_word' id='word_1_209' title='bbox 1526 3271 1608 3341; x_wconf 90' lang='lat' dir='ltr'><strong><em>sunt,</em></strong></span> 
     </span>
     <span class='ocr_line' id='line_1_27' title="bbox 439 3364 1609 3455; baseline -0.003 -23"><span class='ocrx_word' id='word_1_210' title='bbox 439 3369 565 3455; x_wconf 85' lang='lat' dir='ltr'><strong><em>Epiouri</em></strong></span> <span class='ocrx_word' id='word_1_211' title='bbox 588 3367 792 3432; x_wconf 88' lang='lat' dir='ltr'><strong><em>existimandi</em></strong></span> <span class='ocrx_word' id='word_1_212' title='bbox 813 3369 878 3432; x_wconf 93' lang='lat' dir='ltr'><strong><em>sint</em></strong></span> <span class='ocrx_word' id='word_1_213' title='bbox 899 3369 1059 3455; x_wconf 81' lang='lat' dir='ltr'><strong><em>discipuli,</em></strong></span> <span class='ocrx_word' id='word_1_214' title='bbox 1085 3389 1279 3452; x_wconf 90' lang='lat' dir='ltr'><strong><em>quaeramus.</em></strong></span> <span class='ocrx_word' id='word_1_215' title='bbox 1317 3370 1454 3445; x_wconf 82' lang='lat' dir='ltr'><strong><em>Quorum</em></strong></span> <span class='ocrx_word' id='word_1_216' title='bbox 1472 3364 1609 3442; x_wconf 88' lang='lat' dir='ltr'><strong><em>domino,</em></strong></span> 
     </span>
     <span class='ocr_line' id='line_1_28' title="bbox 438 3464 1610 3555; baseline -0.003 -24"><span class='ocrx_word' id='word_1_217' title='bbox 438 3490 476 3532; x_wconf 93' lang='lat' dir='ltr'><strong><em>ne</em></strong></span> <span class='ocrx_word' id='word_1_218' title='bbox 499 3468 634 3532; x_wconf 86' lang='lat' dir='ltr'><strong><em>amicam</em></strong></span> <span class='ocrx_word' id='word_1_219' title='bbox 664 3467 806 3550; x_wconf 89' lang='lat' dir='ltr'><strong><em>amittet,</em></strong></span> <span class='ocrx_word' id='word_1_220' title='bbox 839 3491 916 3554; x_wconf 92' lang='lat' dir='ltr'><strong><em>opus</em></strong></span> <span class='ocrx_word' id='word_1_221' title='bbox 938 3477 985 3532; x_wconf 90' lang='lat' dir='ltr'><strong><em>est</em></strong></span> <span class='ocrx_word' id='word_1_222' title='bbox 1015 3468 1150 3555; x_wconf 83' lang='lat' dir='ltr'><strong><em>pecunia</em></strong></span> <span class='ocrx_word' id='word_1_223' title='bbox 1173 3489 1303 3551; x_wconf 90' lang='lat' dir='ltr'><strong><em>eamque</em></strong></span> <span class='ocrx_word' id='word_1_224' title='bbox 1333 3467 1430 3543; x_wconf 89' lang='lat' dir='ltr'><strong><em>servi,</em></strong></span> <span class='ocrx_word' id='word_1_225' title='bbox 1465 3464 1610 3550; x_wconf 83' lang='lat' dir='ltr'><strong><em>quamvis</em></strong></span> 
     </span>
     <span class='ocr_line' id='line_1_29' title="bbox 438 3566 1611 3655; baseline -0.003 -24"><span class='ocrx_word' id='word_1_226' title='bbox 438 3568 566 3632; x_wconf 82' lang='lat' dir='ltr'><strong><em>difficile</em></strong></span> <span class='ocrx_word' id='word_1_227' title='bbox 588 3568 645 3645; x_wconf 91' lang='lat' dir='ltr'><strong><em>sit,</em></strong></span> <span class='ocrx_word' id='word_1_228' title='bbox 680 3589 751 3631; x_wconf 91' lang='lat' dir='ltr'><strong><em>oum</em></strong></span> <span class='ocrx_word' id='word_1_229' title='bbox 773 3568 935 3633; x_wconf 92' lang='lat' dir='ltr'><strong><em>dominum</em></strong></span> <span class='ocrx_word' id='word_1_230' title='bbox 958 3578 1086 3655; x_wconf 89' lang='lat' dir='ltr'><strong><em>sperent</em></strong></span> <span class='ocrx_word' id='word_1_231' title='bbox 1119 3568 1179 3633; x_wconf 91' lang='lat' dir='ltr'><strong><em>sibi</em></strong></span> <span class='ocrx_word' id='word_1_232' title='bbox 1203 3566 1317 3650; x_wconf 83' lang='lat' dir='ltr'><strong><em>gratias</em></strong></span> <span class='ocrx_word' id='word_1_233' title='bbox 1339 3566 1522 3632; x_wconf 88' lang='lat' dir='ltr'><strong><em>habiturum</em></strong></span> <span class='ocrx_word' id='word_1_234' title='bbox 1544 3585 1611 3628; x_wconf 88' lang='lat' dir='ltr'><strong><em>esse</em></strong></span> 
     </span>
     <span class='ocr_line' id='line_1_30' title="bbox 439 3668 1281 3753; baseline 0.002 -23"><span class='ocrx_word' id='word_1_235' title='bbox 439 3676 589 3745; x_wconf 75' lang='lat' dir='ltr'><strong><em>aeternae,</em></strong></span> <span class='ocrx_word' id='word_1_236' title='bbox 612 3690 719 3753; x_wconf 87' lang='lat' dir='ltr'><strong><em>parare</em></strong></span> <span class='ocrx_word' id='word_1_237' title='bbox 742 3668 878 3731; x_wconf 91' lang='lat' dir='ltr'><strong><em>student.</em></strong></span> <span class='ocrx_word' id='word_1_238' title='bbox 1278 3681 1281 3689; x_wconf 88' lang='lat'>&#39;</span> 
     </span>
    </p>
   </div>
   <div class='ocr_carea' id='block_1_3' title="bbox 521 3767 788 3851">
    <p class='ocr_par' dir='ltr' id='par_1_9' title="bbox 521 3767 788 3851">
     <span class='ocr_line' id='line_1_31' title="bbox 521 3767 788 3851; baseline 0 -21"><span class='ocrx_word' id='word_1_239' title='bbox 521 3767 567 3830; x_wconf 80' lang='lat' dir='ltr'><strong><em>cf.</em></strong></span> <span class='ocrx_word' id='word_1_240' title='bbox 589 3789 619 3831; x_wconf 88' lang='lat' dir='ltr'><strong><em>v.</em></strong></span> <span class='ocrx_word' id='word_1_241' title='bbox 642 3767 702 3832; x_wconf 83' lang='lat'><strong><em>307</em></strong></span> <span class='ocrx_word' id='word_1_242' title='bbox 724 3788 788 3851; x_wconf 87' lang='lat' dir='ltr'><strong><em>sq:</em></strong></span> 
     </span>
    </p>
   </div>
   <div class='ocr_carea' id='block_1_4' title="bbox 440 3866 1611 4382">
    <p class='ocr_par' dir='ltr' id='par_1_10' title="bbox 440 3866 1611 4382">
     <span class='ocr_line' id='line_1_32' title="bbox 614 3866 1256 3936; baseline 0.014 -22"><span class='ocrx_word' id='word_1_243' title='bbox 614 3866 873 3919; x_wconf 85' lang='lat' dir='ltr'><strong><em>Verbivelitationem</em></strong></span> <span class='ocrx_word' id='word_1_244' title='bbox 892 3866 949 3918; x_wconf 88' lang='lat' dir='ltr'><strong><em>fieri</em></strong></span> <span class='ocrx_word' id='word_1_245' title='bbox 970 3867 1110 3936; x_wconf 87' lang='lat' dir='ltr'><strong><em>compendi</em></strong></span> <span class='ocrx_word' id='word_1_246' title='bbox 1129 3866 1203 3919; x_wconf 82' lang='lat' dir='ltr'><strong><em>velo:</em></strong></span> <span class='ocrx_word' id='word_1_247' title='bbox 1254 3918 1256 3923; x_wconf 85' lang='lat'><em>.</em></span> 
     </span>
     <span class='ocr_line' id='line_1_33' title="bbox 614 3953 929 4022; baseline -0.003 -16"><span class='ocrx_word' id='word_1_248' title='bbox 614 3953 682 4015; x_wconf 84' lang='lat' dir='ltr'><strong><em>Quid</em></strong></span> <span class='ocrx_word' id='word_1_249' title='bbox 701 3954 773 4006; x_wconf 89' lang='lat' dir='ltr'><strong><em>istud</em></strong></span> <span class='ocrx_word' id='word_1_250' title='bbox 792 3953 929 4022; x_wconf 81' lang='lat' dir='ltr'><strong><em>negotist?</em></strong></span> 
     </span>
     <span class='ocr_line' id='line_1_34' title="bbox 440 4037 1611 4125; baseline -0.004 -20"><span class='ocrx_word' id='word_1_251' title='bbox 440 4042 562 4124; x_wconf 88' lang='lat' dir='ltr'><strong><em>quaerit</em></strong></span> <span class='ocrx_word' id='word_1_252' title='bbox 584 4063 622 4105; x_wconf 84' lang='lat' dir='ltr'><strong><em>ex</em></strong></span> <span class='ocrx_word' id='word_1_253' title='bbox 646 4063 794 4106; x_wconf 87' lang='lat' dir='ltr'><strong><em>oonservo</em></strong></span> <span class='ocrx_word' id='word_1_254' title='bbox 817 4042 965 4122; x_wconf 88' lang='lat' dir='ltr'><strong><em>Libanus,</em></strong></span> <span class='ocrx_word' id='word_1_255' title='bbox 988 4039 1053 4125; x_wconf 92' lang='lat' dir='ltr'><strong><em>qui,</em></strong></span> <span class='ocrx_word' id='word_1_256' title='bbox 1083 4038 1158 4124; x_wconf 90' lang='lat' dir='ltr'><strong><em>quid</em></strong></span> <span class='ocrx_word' id='word_1_257' title='bbox 1183 4038 1237 4103; x_wconf 91' lang='lat' dir='ltr'><strong><em>ille</em></strong></span> <span class='ocrx_word' id='word_1_258' title='bbox 1259 4038 1347 4117; x_wconf 89' lang='lat' dir='ltr'><strong><em>velit,</em></strong></span> <span class='ocrx_word' id='word_1_259' title='bbox 1382 4038 1483 4103; x_wconf 85' lang='lat' dir='ltr'><strong><em>adhue</em></strong></span> <span class='ocrx_word' id='word_1_260' title='bbox 1504 4037 1611 4109; x_wconf 84' lang='lat' dir='ltr'><strong><em>nesoit.</em></strong></span> 
     </span>
     <span class='ocr_line' id='line_1_35' title="bbox 473 4137 1168 4194; baseline -0.001 -1"><span class='ocrx_word' id='word_1_261' title='bbox 473 4138 528 4193; x_wconf 71' lang='lat' dir='ltr'><strong><em>Iso:</em></strong></span> <span class='ocrx_word' id='word_1_262' title='bbox 566 4141 699 4193; x_wconf 81' lang='lat' dir='ltr'><strong><em>Certumst</em></strong></span> <span class='ocrx_word' id='word_1_263' title='bbox 718 4140 844 4194; x_wconf 79' lang='lat' dir='ltr'><strong><em>eredere?</em></strong></span> <span class='ocrx_word' id='word_1_264' title='bbox 874 4137 926 4191; x_wconf 79' lang='lat' dir='ltr'><strong><em>ui:</em></strong></span> <span class='ocrx_word' id='word_1_265' title='bbox 945 4140 1080 4193; x_wconf 80' lang='lat' dir='ltr'><strong><em>Audacter</em></strong></span> <span class='ocrx_word' id='word_1_266' title='bbox 1098 4140 1168 4193; x_wconf 85' lang='lat' dir='ltr'><strong><em>lieet.</em></strong></span> 
     </span>
     <span class='ocr_line' id='line_1_36' title="bbox 472 4225 1110 4292; baseline -0.002 -13"><span class='ocrx_word' id='word_1_267' title='bbox 472 4225 527 4281; x_wconf 73' lang='lat' dir='ltr'><strong><em>Iro:</em></strong></span> <span class='ocrx_word' id='word_1_268' title='bbox 563 4229 606 4280; x_wconf 90' lang='lat' dir='ltr'><strong><em>Sis</em></strong></span> <span class='ocrx_word' id='word_1_269' title='bbox 625 4229 725 4280; x_wconf 89' lang='lat' dir='ltr'><strong><em>amanti</em></strong></span> <span class='ocrx_word' id='word_1_270' title='bbox 744 4228 885 4280; x_wconf 83' lang='lat' dir='ltr'><strong><em>subvenire</em></strong></span> <span class='ocrx_word' id='word_1_271' title='bbox 903 4227 1026 4279; x_wconf 84' lang='lat' dir='ltr'><strong><em>familiari</em></strong></span> <span class='ocrx_word' id='word_1_272' title='bbox 1046 4227 1110 4292; x_wconf 86' lang='lat' dir='ltr'><strong><em>filio,</em></strong></span> 
     </span>
     <span class='ocr_line' id='line_1_37' title="bbox 562 4313 1420 4382; baseline -0.003 -15"><span class='ocrx_word' id='word_1_273' title='bbox 562 4315 677 4367; x_wconf 78' lang='lat' dir='ltr'><strong><em>&#39;lantum</em></strong></span> <span class='ocrx_word' id='word_1_274' title='bbox 697 4313 772 4367; x_wconf 83' lang='lat' dir='ltr'><strong><em>adest</em></strong></span> <span class='ocrx_word' id='word_1_275' title='bbox 791 4315 854 4367; x_wconf 93' lang='lat' dir='ltr'><strong><em>boni</em></strong></span> <span class='ocrx_word' id='word_1_276' title='bbox 873 4314 1019 4382; x_wconf 88' lang='lat' dir='ltr'><strong><em>inproviso,</em></strong></span> <span class='ocrx_word' id='word_1_277' title='bbox 1038 4330 1127 4365; x_wconf 87' lang='lat' dir='ltr'><strong><em>uerum</em></strong></span> <span class='ocrx_word' id='word_1_278' title='bbox 1148 4314 1317 4366; x_wconf 76' lang='lat' dir='ltr'><strong><em>commixtum</em></strong></span> <span class='ocrx_word' id='word_1_279' title='bbox 1338 4313 1420 4366; x_wconf 84' lang='lat' dir='ltr'><strong><em>malo:</em></strong></span> 
     </span>
    </p>
   </div>
   <div class='ocr_carea' id='block_1_5' title="bbox 512 4512 1318 4586">
    <p class='ocr_par' dir='ltr' id='par_1_11' title="bbox 512 4512 1318 4586">
     <span class='ocr_line' id='line_1_38' title="bbox 512 4512 1318 4586; baseline -0.005 -17"><span class='ocrx_word' id='word_1_280' title='bbox 512 4516 538 4583; x_wconf 92' lang='lat' dir='ltr'><strong><em>l)</em></strong></span> <span class='ocrx_word' id='word_1_281' title='bbox 559 4516 598 4569; x_wconf 85' lang='lat' dir='ltr'><strong><em>Gi.</em></strong></span> <span class='ocrx_word' id='word_1_282' title='bbox 617 4515 756 4586; x_wconf 80' lang='grc' dir='ltr'><strong><em>γαληνιᾶν</em></strong></span> <span class='ocrx_word' id='word_1_283' title='bbox 774 4517 850 4585; x_wconf 82' lang='lat' dir='ltr'><strong><em>srgm.</em></strong></span> <span class='ocrx_word' id='word_1_284' title='bbox 869 4515 920 4568; x_wconf 76' lang='lat'><strong><em>425</em></strong></span> <span class='ocrx_word' id='word_1_285' title='bbox 941 4520 966 4568; x_wconf 91' lang='lat' dir='ltr'><strong><em>et</em></strong></span> <span class='ocrx_word' id='word_1_286' title='bbox 984 4512 1146 4583; x_wconf 81' lang='grc' dir='ltr'><strong><em>γαληνίζειν</em></strong></span> <span class='ocrx_word' id='word_1_287' title='bbox 1164 4514 1240 4582; x_wconf 87' lang='lat' dir='ltr'><strong><em>trgm.</em></strong></span> <span class='ocrx_word' id='word_1_288' title='bbox 1259 4512 1318 4565; x_wconf 77' lang='lat'><strong>429.</strong></span> 
     </span>
    </p>
   </div>
   <div class='ocr_carea' id='block_1_6' title="bbox 0 0 2051 5717">
    <p class='ocr_par' dir='ltr' id='par_1_12' title="bbox 0 0 2051 5717">
     <span class='ocr_line' id='line_1_39' title="bbox 0 0 2051 5717; baseline 0 0"><span class='ocrx_word' id='word_1_289' title='bbox 0 0 2051 5717; x_wconf 95' lang='lat' dir='ltr'><strong><em> </em></strong></span> 
     </span>
    </p>
   </div>
  </div>
 </body>
</html>
