4075 5717
813 677 1016 741 ..59-

329 855 442 919 deinde
464 856 628 921 Phronesii
649 856 745 920 verba
765 857 892 920 Trucul.
914 879 943 921 v.
967 855 1046 920 885:

382 956 479 1007 Verum
498 960 539 1008 est
557 957 675 1018 verbum,
700 956 770 1024 quod
790 960 963 1008 memoratur:
982 955 1029 1008 ubi
1048 954 1126 1008 amici
1145 953 1242 1007 ibidem
1262 969 1334 1022 opes.

328 1041 473 1106 Proxime
501 1051 607 1106 autem
639 1042 677 1106 ad
707 1041 909 1127 proverbium
941 1042 1048 1127 ipsum
1074 1039 1195 1106 accedit
1217 1039 1340 1104 Curcul.
1372 1061 1401 1105 r.
1424 1039 1495 1114 334,

328 1141 382 1204 ubi
414 1142 447 1205 in
479 1142 644 1206 ridiculam
670 1150 789 1227 partem
822 1142 855 1205 id
885 1150 1018 1206 tractum
1042 1142 1196 1206 videmus.
1240 1138 1385 1204 Curculio
1406 1160 1494 1223 para·

327 1241 406 1305 situs
427 1264 446 1305 a
467 1242 658 1306 Phaedromo
681 1242 714 1306 in
737 1242 859 1306 Cariam
883 1242 1007 1312 missus.
1039 1242 1122 1305 unde
1142 1241 1182 1305 ab
1202 1240 1303 1305 amico
1325 1246 1496 1304 accesserat

327 1351 502 1423 argentum,
526 1342 600 1426 quid
625 1342 799 1427 profecerit,
824 1351 945 1406 narrat:

465 1442 609 1510 Postquam
629 1448 675 1494 tuo
694 1443 770 1494 iussu
788 1441 923 1510 proiectus
942 1457 1009 1506 sum,
1031 1439 1139 1509 perveni
1159 1439 1188 1491 in
1207 1437 1326 1491 Cariam:

465 1527 550 1580 Video
569 1532 641 1581 tuom
659 1527 785 1594 sodalem,
804 1529 906 1595 argenti
927 1543 989 1595 rogo
1008 1531 1039 1579 ut
1057 1527 1138 1579 iaciat
1155 1525 1267 1595 copiam.

467 1615 555 1669 Scires
574 1615 640 1667 velle
659 1615 771 1683 gratiam
790 1619 878 1666 tuam:
904 1613 991 1666 noluit
1009 1613 1155 1679 frustarier,

467 1701 502 1753 Ut
520 1701 596 1754 decet
614 1701 681 1753 velle
697 1702 828 1755 hominem
849 1701 962 1753 amicum
982 1702 1066 1754 amico
1085 1705 1164 1769 atque
1183 1700 1353 1771 opitularier:

465 1788 614 1858 Respondit
634 1788 697 1840 mihi
717 1789 810 1857 paucis
829 1786 916 1839 verbis
936 1793 1016 1856 atque
1036 1787 1102 1840 adeo
1121 1786 1243 1852 fideliter,

466 1874 540 1936 Quod
560 1875 636 1926 tibist
653 1875 716 1927 item
736 1874 786 1926 sibi
807 1889 873 1939 esse,
894 1890 1014 1942 maguam
1035 1874 1137 1941 argenti
1156 1874 1281 1942 inopiam.

408 1961 587 2025 Trinummi
610 1983 638 2025 v.
662 1961 701 2025 57
724 1960 956 2042 Megaronides,
989 1982 1067 2024 num
1090 1961 1192 2026 valeat
1213 1981 1307 2041 uxor,
1330 1958 1493 2023 Calliclem

327 2061 505 2143 interrogat.
566 2067 630 2119 Plus
665 2084 742 2135 quam
778 2084 826 2136 ego
862 2067 936 2131 volo,
971 2062 1136 2144 respondet
1172 2060 1241 2141 hic;
1280 2058 1493 2144 Megaronides

325 2169 431 2225 autem
453 2161 570 2245 pergit:

535 2260 606 2314 Bene
625 2260 739 2314 herclest
757 2261 829 2315 illam
848 2263 897 2315 tibi
916 2262 1003 2315 valere
1022 2267 1048 2315 et
1066 2263 1161 2316 vivere.

326 2349 405 2412 Eum
429 2347 588 2433 vituperat
607 2348 747 2412 amicus:

535 2446 618 2499 Credo
638 2447 724 2501 hercle
744 2454 769 2501 te
789 2449 913 2516 gaudere,
932 2450 1018 2518 siquid
1039 2450 1104 2503 milri
1123 2449 1220 2503 maliet

326 2551 406 2614 Tum
431 2551 662 2633 Megaronides:

535 2650 663 2703 Omnibus
683 2651 774 2716 amicis
793 2651 863 2719 quod
883 2652 974 2704 mihist
992 2653 1071 2720 cupio
1090 2668 1148 2705 esse
1168 2651 1245 2705 idem.

411 2737 514 2799 Amici
537 2758 603 2801 esse
623 2738 759 2802 amicum
783 2738 932 2802 adiuvare
952 2738 1046 2802 etiam
1065 2739 1219 2823 Lysiteles
1235 2736 1396 2803 contendit
1412 2735 1494 2799 eius·

326 2836 397 2899 dem
419 2837 542 2900 fabulae
563 2859 593 2900 v.
616 2839 677 2902 345
700 2858 762 2922 sq.:

464 2936 564 3004 Edepol
584 2937 662 2989 deum
680 2938 777 2990 virtute
796 2937 891 3003 dicam,
911 2941 994 3006 pater,
1013 2943 1040 2990 et
1059 2937 1186 2990 maiorum
1205 2942 1232 2990 et
1249 2942 1297 2989 tua

464 3020 551 3074 Multa
570 3023 639 3076 bona
659 3024 725 3076 bene
744 3019 821 3092 parta
840 3024 982 3077 babemus:
1004 3025 1072 3077 bene
1091 3025 1114 3077 si
1133 3024 1217 3078 amico
1236 3024 1340 3088 feceris,

468 3107 506 3158 Ne
525 3108 616 3176 pigeat
634 3109 743 3162 fecisse:
771 3113 801 3162 ut
819 3111 909 3178 potius
929 3110 1038 3179 pudeat,
1057 3111 1079 3162 si
1098 3126 1153 3163 non
1172 3111 1274 3164 leceris.

326 3195 425 3269 Quam
459 3194 572 3257 acriter
604 3204 709 3259 autem
743 3196 776 3260 in
816 3197 970 3261 sententia
1002 3217 1059 3262 sua
1090 3210 1272 3282 permaneat
1303 3197 1494 3273 adulescens,

325 3293 479 3378 optimee
511 3294 652 3358 versibus
676 3295 735 3359 712
758 3316 801 3380 sq.
832 3297 1062 3379 cognoscimus,
1094 3298 1209 3382 quibus
1232 3320 1304 3362 cum
1325 3298 1494 3364 Lesbonico

324 3393 424 3458 amico
447 3392 651 3477 colloquitur:

394 3498 436 3549 Nil
457 3516 514 3566 ego,
539 3493 653 3577 inquit,
679 3498 828 3552 inocculto
848 3514 925 3566 agere
944 3498 1031 3551 solco:
1052 3515 1125 3551 meus
1144 3505 1174 3552 ut
1193 3500 1310 3553 animust
1329 3498 1453 3567 eloquar:

394 3590 421 3642 Si
443 3591 506 3643 milri
525 3597 572 3644 tua
591 3609 673 3659 soror,
694 3598 725 3645 ut
746 3609 795 3660 ego
816 3608 926 3660 aequom
946 3608 1050 3656 censeo,
1068 3594 1106 3645 ita
1124 3600 1237 3664 nuptum
1257 3594 1335 3646 datur

395 3677 457 3729 Sine
477 3677 538 3731 dote
557 3696 643 3748 neque
664 3685 693 3732 tu
713 3680 774 3732 hinc
793 3677 932 3744 abituru’s,
952 3679 1021 3747 quod
1043 3695 1128 3732 meum
1149 3681 1207 3741 erit,
1226 3681 1253 3732 id
1274 3682 1323 3734 crit
1342 3685 1430 3734 tuom:

394 3763 441 3815 Sin
460 3765 537 3817 aliter
560 3767 692 3819 animatus
713 3783 749 3831 es,
768 3794 801 3803 —
821 3767 887 3818 bene
906 3765 974 3833 quod
996 3782 1060 3833 agas
1079 3767 1184 3818 eveniat
1199 3767 1264 3820 tibi:

393 3849 449 3916 Ego
469 3853 570 3904 amicus
591 3869 733 3921 numquam
754 3853 803 3905 tibi
823 3868 866 3905 ero
886 3851 938 3904 alio
958 3857 1050 3920 pacto:
1077 3853 1115 3905 sic
1135 3855 1302 3907 sententiaeb.

407 3937 501 4001 Porro
524 3960 562 4002 ne
585 3940 872 4024 praetermittamus
894 3940 1006 4003 Persae
1028 3961 1057 4002 v.
1081 3939 1158 4004 513:

482 4038 541 4091 Tibi
561 4039 658 4091 ibidem
679 4039 735 4104 das,
755 4039 801 4091 ubi
820 4044 850 4091 tu
869 4043 940 4091 tuom
961 4040 1073 4091 amicum
1093 4038 1212 4092 adiuvas.

325 4130 463 4206 Quocum
488 4131 596 4194 statim
619 4131 865 4216 Periplecomeni
889 4133 983 4196 verba
1010 4134 1205 4197 conferamus
1227 4133 1294 4198 Mil.
1317 4156 1346 4198 v.
1369 4135 1446 4203 673:

411 4230 477 4282 Nam
497 4230 525 4282 in
543 4229 612 4282 mala
630 4247 713 4283 uxore
732 4236 812 4299 atque
831 4231 937 4284 inimico
957 4231 1045 4300 siquid
1065 4247 1161 4299 sumas,
1180 4239 1303 4302 sumptus
1322 4240 1377 4288 est:

412 4316 443 4367 ln
462 4316 532 4368 bono
553 4316 658 4385 hospite
676 4321 756 4386 atque
775 4318 859 4370 amico
878 4322 1004 4386 quaestus
1025 4322 1065 4370 est
1084 4318 1154 4387 quod
1173 4321 1294 4374 sumitur.

407 4402 471 4466 Nec
495 4424 557 4466 non
580 4403 692 4467 Persae
714 4425 743 4468 v.
766 4404 827 4468 655
850 4403 910 4469 huc
932 4402 1085 4491 pertinet:

497 4500 563 4556 Nam
583 4502 634 4557 etsi
653 4518 695 4558 res
714 4508 777 4560 sunt
793 4504 901 4572 fractae,
920 4504 997 4559 amici
1017 4508 1080 4560 suut
1098 4507 1194 4560 tamen.
