4075 5717
910 723 1121 788 ..30-

434 910 464 967 et
485 903 632 968 Mercurii
653 902 894 988 Amphitruonis
916 924 946 966 v.
970 903 1047 967 995:

497 1005 576 1056 Amat
597 1002 753 1072 (Iuppiter):
775 1002 860 1070 sapit:
885 1007 955 1055 recte
973 1003 1046 1066 lacit,
1065 1002 1152 1054 animo
1171 999 1277 1069 quando
1296 997 1452 1066 obsequitur
1470 1011 1528 1048 suo.

500 1089 575 1153 Quod
597 1090 682 1142 omnis
699 1089 819 1142 homines
838 1089 924 1140 tacere
943 1093 1056 1157 oportet,
1075 1088 1136 1140 dum
1157 1087 1184 1139 id
1202 1085 1280 1139 modo
1298 1084 1346 1137 fiat
1365 1085 1442 1137 bouo.

430 1177 508 1241 Nam
534 1176 566 1241 id
591 1176 706 1262 ipsum,
729 1175 809 1260 quod
832 1176 955 1241 fruendi
977 1175 1150 1261 praeceptis
1172 1182 1363 1259 temperatur
1381 1170 1514 1237 adiectis
1536 1169 1602 1234 illis

433 1275 530 1356 „dum
553 1275 585 1339 id
609 1275 699 1341 modo
721 1276 775 1340 fiat
797 1273 896 1340 bono“
921 1275 1110 1360 Epicureum
1133 1283 1189 1339 est.

517 1375 659 1441 Fortasse
682 1376 777 1441 etiam
799 1374 930 1440 Poenuli
953 1397 982 1440 v.
1006 1377 1148 1441 286-87
1171 1375 1233 1439 huc
1254 1374 1428 1459 pertinent:

506 1475 565 1527 Non
584 1476 652 1528 euim
673 1475 743 1543 potis
762 1481 803 1528 est
822 1479 949 1543 quaestus
966 1474 1036 1541 fieri,
1054 1476 1107 1528 nisi
1126 1479 1248 1542 sumptus
1268 1474 1397 1541 sequitur,
1416 1473 1487 1525 scio:

505 1561 539 1614 Et
557 1567 646 1613 tamen
665 1565 792 1630 quaestus
811 1576 865 1613 non
887 1562 1024 1627 consistet,
1043 1563 1066 1614 si
1085 1577 1144 1613 eum
1164 1563 1286 1628 sumptus
1305 1564 1422 1627 superat,
1441 1573 1523 1610 soror.

433 1648 627 1732 Quemquam
651 1647 736 1712 enim
764 1669 825 1712 non
853 1648 892 1711 de
914 1648 1075 1733 voluptate
1097 1656 1129 1711 et
1149 1647 1254 1712 dolore
1283 1646 1337 1710 sed
1358 1644 1398 1709 ¹de
1419 1652 1553 1729 quaestu
1573 1650 1605 1705 et

432 1754 561 1832 sumptu
582 1747 705 1829 agitur,
736 1756 842 1811 tamen
874 1748 957 1812 inter
989 1749 1045 1813 hos
1067 1768 1175 1812 versus
1197 1755 1229 1810 et
1250 1745 1436 1831 Epicuream
1459 1763 1605 1827 compen·

433 1847 584 1912 sationem
610 1847 853 1911 similitudinem
877 1848 1033 1932 quandam
1065 1867 1132 1911 esse
1154 1845 1262 1929 negari
1284 1866 1346 1910 non
1369 1852 1478 1929 potest.
1523 1842 1606 1906 Nam

434 1946 514 2030 quod
548 1947 664 2012 dicitur
696 1947 764 2011 sine
798 1955 924 2031 sumptu
958 1956 1106 2031 quaestus
1135 1946 1202 2010 lieri
1235 1967 1296 2011 non
1327 1965 1431 2031 posse,
1467 1943 1500 2007 id
1523 1942 1608 2006 nihil

432 2045 519 2110 aliud
545 2054 591 2111 est
612 2069 648 2111 ac
677 2047 758 2131 quod
780 2046 933 2131 Epicurus
962 2046 1039 2111 dicit
1069 2067 1305 2130 nonnumquam
1333 2045 1401 2108 sine
1424 2043 1529 2108 dolore
1551 2065 1607 2106 vo·

433 2146 586 2231 luptatem
609 2169 670 2211 non
692 2167 781 2231 posse
804 2146 966 2230 impetrari
988 2157 1019 2209 et
1043 2146 1123 2230 quod
1146 2153 1308 2231 sumptum
1326 2144 1427 2209 vitare
1449 2144 1607 2219 iubemur,

435 2246 488 2330 qui
507 2255 670 2330 quaestum
686 2255 820 2331 superat,
844 2246 877 2310 id
900 2246 982 2309 idem
1007 2255 1055 2310 est
1075 2267 1111 2309 ac
1133 2245 1224 2329 quod,
1244 2244 1381 2310 dolorem
1399 2255 1435 2308 ut
1456 2243 1606 2318 vitemus,

435 2345 491 2409 illc
513 2347 668 2424 admonet,
690 2365 785 2428 quem
809 2366 869 2409 non
892 2345 991 2410 maior
1013 2346 1156 2429 sequitur
1177 2345 1330 2430 voluptas.

516 2463 599 2526 Haec
620 2471 693 2525 sunt
714 2461 809 2525 huius
829 2461 996 2540 doctrinae,
1016 2484 1095 2547 qnae
1115 2464 1149 2527 in
1171 2463 1287 2527 labnlis
1298 2461 1455 2527 Plautinis
1476 2460 1608 2525 investi·

438 2562 597 2644 gavimus,
625 2561 773 2644 vestigia3
802 2561 863 2625 iam
891 2562 1017 2626 Terenti
1049 2563 1222 2628 comoedias
1252 2560 1609 2648 pervestigantibmad

436 2683 481 2743 ea,
504 2682 582 2745 quae
595 2661 818 2744 congessimus,
833 2685 894 2727 non
909 2685 1007 2749 panca
1019 2664 1168 2728 accedent
1178 2663 1441 2748 compensationis
1453 2661 1607 2746 exempla.

436 2763 522 2826 Inter
539 2761 667 2846 optima,
689 2782 768 2845 quae
790 2763 918 2828 omnino
941 2772 1076 2846 exstant,
1099 2763 1238 2829 Andriae
1259 2784 1366 2828 versus
1388 2763 1463 2827 inde
1483 2763 1522 2826 ab
1545 2762 1607 2826 546

437 2861 597 2945 usquead
621 2862 681 2925 549
704 2882 869 2926 numerare
889 2885 949 2928 non
977 2865 1097 2930 dubito.
1140 2865 1260 2942 Quibus
1282 2864 1316 2927 in
1338 2862 1480 2928 versibus
1503 2863 1608 2944 agitur

437 2962 474 3025 de
497 2960 636 3026 Simonis
656 2969 688 3024 et
709 2959 883 3026 Chremetis
915 2964 1086 3031 liberorum
1115 2964 1252 3049 nuptiis,
1283 2984 1362 3047 quae
1391 2963 1455 3026 iam
1487 2961 1607 3026 dudum

437 3061 564 3144 quidem
593 3060 711 3125 abhoc
734 3061 902 3144 permissae
925 3074 1018 3146 sunt,
1049 3066 1100 3130 scd
1132 3087 1167 3129 eo
1197 3064 1298 3129 invito
1320 3063 1418 3129 nimis
1440 3071 1569 3148 repente
1589 3085 1609 3126 a

436 3157 563 3224 Simone
596 3159 814 3224 instituuntur.
859 3163 977 3229 Tamen
1007 3167 1220 3243 Chremetem,
1256 3165 1311 3249 qui
1345 3164 1445 3250 primo
1480 3163 1518 3227 de
1550 3163 1609 3226 hac

436 3259 566 3323 audacia
587 3280 649 3323 non
668 3259 783 3323 leviter
804 3260 902 3326 iratus
924 3273 987 3345 cst,
1017 3265 1109 3330 111111
1130 3265 1186 3328 1111
1211 3265 1336 3329 mulcet.

541 3369 592 3435 Ah,
610 3386 643 3423 ne
662 3386 703 3422 me
722 3371 841 3437 obsecra,
863 3365 968 3450 inquit
982 3365 1147 3429 Chremes:

541 3464 623 3528 Quasi
642 3465 691 3518 hoc
709 3468 735 3517 te
754 3466 854 3518 orando
874 3483 889 3518 a
908 3482 948 3517 mc
967 3465 1109 3534 impetrare
1127 3467 1256 3532 oporteat.

541 3551 630 3604 Alium
650 3567 708 3605 esse
728 3568 820 3605 censes
838 3568 910 3604 nuno
929 3568 969 3604 me
990 3555 1069 3620 atque
1089 3551 1150 3604 olim
1171 3566 1248 3619 quom
1268 3546 1385 3601 dabam?

542 3637 570 3690 Si
590 3639 618 3690 in
637 3643 718 3690 remst
735 3638 841 3705 utrique
861 3641 891 3689 ut
909 3637 982 3703 fiant,
1001 3639 1101 3691 accersi
1120 3638 1196 3698 iube;

542 3724 593 3777 Sed
613 3725 635 3776 si
655 3741 687 3777 ex
706 3740 737 3776 ea
757 3741 784 3776 re
803 3724 863 3793 plus
883 3725 971 3777 malist
990 3741 1069 3793 quam
1089 3723 1218 3776 commodi

542 3810 663 3878 Utrique,
683 3810 710 3862 id
730 3827 778 3878 ego
798 3816 823 3863 te
843 3827 888 3863 oro
908 3812 936 3862 in
954 3826 1093 3864 commune
1112 3815 1143 3861 nt
1161 3809 1294 3873 consulas,

544 3894 625 3958 Quasi
641 3897 688 3949 illa
707 3901 753 3949 tua
772 3898 807 3949 sit
825 3897 1009 3966 Pamphilique
1028 3913 1077 3964 ego
1097 3898 1145 3949 sim
1166 3898 1248 3964 pater.

522 4000 568 4063 De
591 4000 690 4064 isdem
706 4000 872 4085 Pamphilo
894 4001 1023 4085 eiusque
1045 4000 1146 4064 amica
1167 3999 1259 4083 paulo
1281 4008 1350 4084 post
1380 4020 1409 4063 v.
1428 3999 1490 4062 116
1509 3997 1611 4080 ‚huius

439 4099 555 4163 ancilla
578 4101 751 4165 exclamat:

544 4199 622 4251 Nilne
640 4215 698 4252 esse
717 4200 853 4268 proprium
873 4201 1032 4269 quoiquam!
1059 4200 1086 4250 di
1106 4203 1220 4251 vostram
1239 4197 1334 4250 fidem!

544 4285 678 4338 Summum
698 4287 796 4339 bouum
815 4301 873 4338 esse
892 4303 952 4338 erae
970 4287 1063 4356 putavi
1080 4286 1151 4338 hunc
1169 4284 1346 4353 Pamphilum,

544 4373 674 4437 Amicum,
694 4376 846 4437 amatorem,
864 4373 948 4424 virum
966 4374 994 4425 iu
1013 4373 1106 4442 quovis
1125 4371 1182 4424 loco

544 4459 683 4522 Paratum
702 4474 791 4510 uerum
811 4474 844 4510 ex
863 4474 893 4511 11
912 4475 983 4513 nunc
1002 4461 1099 4512 misera
1117 4473 1195 4525 quem
1214 4458 1285 4525 capit

545 4543 688 4598 Laborem!
714 4543 792 4597 facile
812 4545 855 4597 hio
873 4545 934 4613 plns
953 4547 1043 4599 malist
1061 4561 1139 4614 quam
1159 4544 1213 4596 illie
1232 4543 1302 4597 boui.
