4075 5717
909 659 1115 721 ..22-

432 837 549 898 πᾶσαν
570 833 692 919 ἡδονήν
707 834 903 916 αἱρούμεθα,
925 836 995 899 ἄλλ’
1018 837 1108 899 ἔστιν
1129 832 1184 897 ὅτε
1214 835 1336 908 πολλδς
1357 833 1476 917 ἡδονδς
1498 832 1617 914 ὑπερ·

431 939 606 1016 βαίνομεν,
639 933 721 998 ὅταν
749 936 865 1000 πλεῖον
892 937 972 1020 ἡμῖν
999 936 1037 999 τδ
1067 936 1222 1015 δυσχερὲς
1251 936 1286 996 ἐκ
1314 931 1440 998 τούτων
1467 934 1606 1014 ἕπηται·

431 1035 487 1097 καὶ
516 1034 640 1109 πολλός
676 1033 857 1119 ἀλγηδόνας
887 1035 1014 1118 ἡδονῶν
1051 1041 1212 1117 κρείττους
1242 1038 1428 1114 νομίζομεν,
1459 1031 1609 1095 ἐπειδᾶν

432 1137 550 1215 μείζων
570 1133 649 1218 ἡμῖν
668 1134 770 1219 ἡδονή
798 1136 1035 1219 παρακολουθῇ
1055 1135 1161 1197 πολύν
1182 1134 1300 1215 χρόνον
1321 1134 1523 1214 ὑπομείνασι
1543 1133 1610 1206 τας

433 1231 623 1317 α’λγηδόνας.
673 1239 770 1299 πᾶσα
792 1225 850 1300 οὖν
872 1236 971 1322 ἡδονή
1001 1236 1057 1297 διδ
1078 1237 1117 1298 τδ
1141 1235 1241 1317 φύσιν
1263 1236 1349 1314 ἔχειν
1378 1231 1502 1296 οἰκείαν
1522 1233 1610 1312 α’γα·

433 1333 511 1413 θόν,
533 1335 570 1396 οὐ
593 1336 690 1399 πᾶσα
710 1342 822 1414 μέντοι
834 1334 890 1418 (γ’)
910 1333 1032 1419 αἱρετή.
1075 1333 1234 1414 καθάπερ
1255 1335 1309 1398 καὶ
1331 1333 1480 1416 οἶλγηδιδν
1503 1336 1612 1397 πᾶσα

433 1431 550 1512 κακόν,
579 1433 618 1496 οδ
647 1436 747 1498 ποῖσα
769 1434 807 1496 δὲ
829 1434 882 1497 det
913 1435 1036 1518 φευκτή
1060 1439 1235 1518 πεφυκυῖα.
1278 1438 1319 1518 τῇ
1345 1442 1457 1515 μέντοι
1478 1451 1612 1513 συμμε-

433 1533 547 1616 τρήσει
568 1533 622 1597 καὶ
644 1532 882 1616 συμφερόντων
911 1535 965 1598 καὶ
988 1532 1194 1617 α’συμφόρων
1221 1535 1341 1621 βλέψει
1362 1535 1467 1597 ταῦτα
1488 1529 1613 1595 πάντα

434 1639 553 1714 κρίνειν
585 1632 733 1719 καθήκει.
793 1633 955 1716 χρώμεθα
975 1637 1036 1716 γαρ
1066 1637 1112 1716 τῷ
1149 1639 1211 1715 μὲν
1246 1635 1365 1716 α’γαθῷ
1407 1633 1492 1697 κατό
1514 1656 1615 1709 τινας

434 1733 569 1815 χρόνους
590 1733 631 1808 οἷς
652 1737 749 1815 κακῷ,
771 1739 816 1816 τῷ
839 1737 877 1798 δὲ
897 1738 985 1815 κακῷ
1006 1733 1178 1815 τᾶμπαλιν
1198 1735 1240 1808 τός
1261 1732 1427 1816 dynam&

518 1837 601 1900 Haec
627 1837 889 1921 compensationis
912 1837 1053 1901 doctrina
1068 1836 1209 1901 comicis
1239 1835 1339 1922 poetis
1361 1835 1451 1899 valde
1475 1834 1613 1919 placuit,

435 1936 517 2020 apud
548 1957 624 2020 quos
653 1937 773 2000 nullius
794 1936 941 2020 Epicurei
973 1937 1080 2021 placiti
1114 1936 1244 2018 vestigia
1266 1935 1391 2020 saepius
1414 1934 1614 1999 invenimus.

437 2035 504 2098 Iam
526 2036 657 2116 mediae,
681 2057 759 2119 quae
775 2038 882 2115 fertur,
907 2036 1082 2101 comoediae
1107 2036 1251 2121 princeps
1269 2035 1379 2099 Alexis
1394 2056 1461 2098 earn
1478 2035 1615 2118 recepit,

440 2135 495 2219 qui
519 2135 618 2200 isdem
638 2139 700 2200 lere
714 2136 906 2220 temporibus
923 2137 1036 2214 floruit,
1059 2135 1348 2221 quibusEpicuruS,
1370 2143 1402 2198 et
1422 2137 1532 2216 fragm.
1545 2136 1616 2200 295

438 2234 535 2315 (chlr
559 2236 590 2299 ll
613 2258 680 2320 pag.
704 2234 779 2315 402)
802 2243 925 2311 monet,
953 2244 988 2300 ut
1010 2257 1078 2300 eam
1102 2235 1295 2320 voluptatem
1317 2235 1487 2318 fugiamus,
1512 2255 1616 2317 quam

437 2343 544 2419 postea
566 2335 716 2399 damnum
738 2336 899 2420 sequitur:

647 2429 730 2503 φεῦγ’
748 2428 851 2505 ἡδονὴν
870 2433 1010 2505 φέρουσαν
1029 2426 1145 2504 ὕστερον
1163 2427 1273 2502 βλόβην.

440 2520 602 2604 Imprimis
625 2529 730 2585 autem
752 2523 835 2607 apud
857 2522 1064 2585 Menandrum
1088 2521 1170 2585 haud
1202 2543 1298 2606 pauca
1320 2520 1464 2604 exempla
1485 2519 1618 2584 inveni-

442 2626 546 2682 untur.
585 2620 730 2684 Primum
753 2630 928 2706 spectemus
951 2623 1041 2704 frgm.
1067 2623 1127 2686 648
1148 2620 1249 2702 (Kock
1271 2622 1319 2684 lll
1340 2642 1407 2706 pag.
1435 2617 1525 2700 190:

650 2725 755 2790 γαμεῖν
773 2721 923 2792 κεκρικότα
942 2720 988 2773 δεῖ
1003 2738 1034 2772 σε
1052 2713 1213 2789 γινώσκειν,
1234 2712 1275 2771 ὅτι

651 2799 765 2874 α’γαθὸν
782 2804 844 2877 μέγ’
865 2803 944 2871 ἕξεις,
963 2801 998 2858 ἂν
1017 2801 1102 2880 λα’βγγς
1118 2800 1222 2877 μικρὸν
1243 2806 1337 2858 κακόν.

442 2890 588 2956 Similem
616 2893 802 2957 sententiam
834 2895 947 2958 deinde
976 2894 1010 2958 in
1043 2897 1135 2978 frgm.
1166 2894 1227 2957 325
1259 2892 1360 2975 (Kock
1383 2896 1430 2959 ΙΙΙ
1462 2916 1531 2979 pag.
1558 2895 1620 2977 94)

443 2990 588 3073 legimns
610 2993 691 3077 quod
713 2993 798 3057 idem
820 2995 859 3058 ad
881 2994 1119 3058 matrimonium
1142 2993 1292 3079 pertinet:

807 3087 876 3164 πρὸς
892 3087 925 3145 τὸ
944 3089 1052 3165 πρᾶγμ’
1071 3091 1122 3164 ἔχω

654 3176 751 3237 κακῶς.
788 3180 814 3230 Β
830 3176 1017 3252 ἐπαριστερῶς
1036 3174 1091 3251 γὰρ
1111 3173 1178 3231 criti
1197 3171 1358 3249 λαμβόνεις·

654 3258 687 3316 τό
709 3263 827 3336 δυσχερῆ
846 3261 901 3336 γὰρ
920 3267 967 3318 καὶ
986 3264 1020 3319 τὰ
1038 3261 1200 3334 λυπήσαντό
1218 3282 1249 3316 σε

658 3344 725 3422 δρᾷς
744 3346 775 3404 ἐν
794 3345 869 3422 aizo}
888 3345 922 3403 τὰ
942 3350 969 3402 δ’
989 3346 1079 3420 α’γόθ’
1097 3347 1191 3404 οόκέτι
1210 3349 1329 3418 βλέπεις.

656 3430 750 3508 εὕροις
768 3433 798 3489 δ’
817 3433 851 3489 ἂν
872 3435 951 3490 οὐδὲν
965 3436 1020 3490 τῶν
1039 3432 1177 3501 ἁπάντων,
1197 3433 1313 3506 Σιμόλε,

656 3519 769 3593 ἀγαθὸν
789 3518 842 3596 ότῳ
863 3542 889 3576 τι
907 3518 947 3595 μὴ
966 3522 1096 3596 πρόσεστι
1115 3523 1163 3575 καὶ
1182 3541 1275 3575 κακον.

657 3604 729 3681 γυνὴ
748 3604 900 3681 πολυτελής
918 3607 971 3664 ἐστ’
991 3606 1114 3683 όχληρὸν,
1134 3604 1196 3662 οὔδ’
1215 3606 1249 3678 ἑᾷ

657 3695 705 3768 ζῆν
725 3692 772 3749 τὸν
790 3693 905 3766 λαβόνθ’
922 3691 959 3756 εἷς
976 3692 1091 3766 βούλετ’.
1128 3691 1185 3747 ἄλλ’
1204 3694 1295 3748 ἔνεστί
1314 3713 1341 3746 τι

659 3779 770 3852 ἀγαθὸν
789 3784 833 3836 ἀπ’
852 3783 944 3855 αὐτῆς,
963 3783 1068 3842 παῖδες·
1088 3780 1195 3836 ἐλθόντ’
1216 3780 1256 3841 εἰς
1273 3775 1356 3834 νόσον

660 3864 709 3922 τὸν
728 3869 827 3942 ἐγοντα
846 3870 951 3941 ταότην
970 3867 1165 3943 ἐθεράπευσεν
1182 3867 1328 3941 ἐπιμελῶς,

659 3952 811 4028 ἆτυχοιῖντι
830 3956 1060 4029 συμπαρέμεινεν
1079 3953 1263 4009 δποθανόντα
1283 3973 1314 4007 τε

615 4060 616 4063 ’
659 4041 764 4109 ἔθαψε,
782 4042 973 4115 περιέστειλεν
992 4041 1110 4102 οἰκείως·
1131 4037 1181 4112 ὅρα

661 4127 701 4188 εἰς
720 4128 811 4195 ταῦθ’,
831 4122 899 4181 ὅταν
917 4129 990 4204 λυπῇ
1009 4148 1036 4181 τι
1055 4129 1109 4181 τῶν
1127 4125 1195 4181 καθ’
1215 4122 1330 4199 ἡμέραν.

661 4210 732 4268 οὕτω
749 4212 804 4286 γὰρ
824 4216 910 4276 οἲσεις
927 4219 983 4269 πᾶν
1002 4212 1033 4268 τὸ
1052 4210 1168 4287 πρᾶγμ’.
1206 4210 1242 4267 ἄν
1261 4214 1280 4266 δ
1284 4210 1293 4228 ’
1311 4211 1412 4288 ἑκλέγῃ

525 4304 556 4357 15
664 4297 709 4355 ciel
730 4298 760 4354 τὸ
780 4300 893 4377 λυποῦν,
913 4300 1002 4374 μηδὲν
1021 4302 1256 4372 ἀντιπαρατιθεὶς

663 4388 718 4442 τῶν
734 4389 979 4464 προσδοκωμένων,
999 4384 1129 4455 όδυνήσει
1148 4383 1194 4440 διὰ
1213 4387 1315 4446 τέλους.

455 4489 648 4497 -..-..--

527 4528 551 4595 l)
571 4528 609 4581 of.
631 4528 685 4582 Cic.
704 4530 737 4582 de
755 4530 829 4583 finib.
848 4530 919 4582 148.
