4075 5717
844 704 1049 767 ..77-

449 884 606 950 Inusitata
618 886 753 969 profecto
768 890 862 967 atque
873 882 1029 949 mirabilis
1047 881 1108 947 fuit
1122 880 1210 946 illius
1221 881 1321 945 animi
1332 882 1492 947 mobilitas
1504 890 1536 948 et

363 985 543 1067 dexteritas,
553 1006 613 1069 qua
622 984 767 1049 omnibus
775 984 860 1049 vitae
871 982 1106 1049 condicionibus
1117 1002 1150 1045 se
1162 982 1393 1047 accommodare
1406 990 1533 1067 poterat.

540 1085 632 1138 Omnis
651 1085 817 1152 Aristippum
837 1083 926 1137 decuit
945 1083 1017 1136 color
1036 1086 1062 1134 et
1081 1085 1167 1133 status
1186 1084 1212 1133 et
1230 1097 1272 1134 res

538 1173 722 1240 Temptantem
742 1171 850 1237 maiora,
868 1170 923 1221 fere
943 1169 1128 1238 praesentibus
1147 1184 1275 1236 aequum:

363 1260 409 1326 sio
427 1261 535 1326 laudat
556 1281 628 1324 eum
651 1257 798 1324 Horatius
820 1278 867 1342 ep.
881 1258 896 1320 Ι
910 1258 956 1335 17,
979 1257 1081 1339 23124,
1105 1261 1136 1319 ct
1155 1254 1311 1338 Diogenes
1332 1255 1475 1320 Laertius
1497 1256 1535 1321 dc

363 1383 399 1428 eo
422 1361 500 1427 dicit
522 1361 553 1425 II
576 1361 631 1423 66:
663 1347 705 1442 ἦν
727 1356 756 1418 δ’
777 1354 886 1429 ἱκανὸς
914 1354 1135 1436 ἁρμόσασθαι
1158 1355 1213 1418 καὶ
1236 1347 1329 1436 τόπῳ
1351 1354 1405 1418 καὶ
1428 1356 1535 1437 χρόνῳ

362 1461 417 1525 καὶ
440 1455 610 1541 προσώπῳ
635 1459 690 1520 καὶ
718 1461 835 1521 πᾶσαν
864 1462 1061 1538 περίστασιν
1091 1455 1256 1537 ἁρμοδίως
1278 1454 1535 1538 ὑποκρίνασθαι.

363 1562 415 1625 ded
447 1561 501 1623 καὶ
531 1559 622 1641 παρα
646 1561 808 1638 Διονυσίῳ
838 1559 904 1620 τῶν
934 1553 1044 1620 ἄλλων
1065 1555 1229 1638 εὐδοκίμει
1249 1555 1376 1638 μᾶλλον
1411 1556 1465 1621 c'si
1497 1557 1535 1620 ad

363 1661 561 1743 προσπεσόν
576 1648 616 1723 ari
629 1658 869 1740 διατιθέμενος.
897 1659 1017 1723 Ibidem
1036 1659 1102 1743 ipse
1120 1659 1158 1723 de
1174 1680 1210 1722 ea
1223 1679 1257 1722 re
1272 1658 1422 1741 gloriatur
1434 1660 1465 1724 ΙΙ
1477 1661 1535 1725 68:

364 1760 544 1845 ἐρωτηθεὶς
560 1763 594 1822 τί
608 1759 698 1838 αὐτῷ
717 1769 920 1839 περιγέγονεν
940 1758 975 1819 ἐκ
991 1759 1196 1842 φιλοσοφίας,
1218 1760 1291 1842 ἔφη·
1311 1759 1349 1822 τό
1365 1757 1537 1824 δύνασθαι

363 1864 451 1927 πᾶσι
475 1862 684 1942 θαρροῦντος
702 1857 838 1938 ὁμιλεῖν.
1374 1929 1377 1934 ¹

447 1977 681 2061 Haudmincre
704 1983 810 2040 autem
826 1974 1012 2039 dexteritate
1029 1974 1302 2062 Periplecomgenus
1319 1981 1376 2040 est.
1421 1976 1536 2042 Videas

362 2078 463 2158 modo,
489 2099 582 2163 quam
604 2076 706 2141 multa
726 2075 782 2139 ille
803 2081 959 2163 praestare
984 2074 1091 2160 possit,
1115 2095 1305 2161 quamquam
1324 2075 1389 2144 iem
1409 2076 1536 2160 grandis

363 2187 440 2243 natu
463 2177 528 2242 est!

539 2278 574 2329 At
593 2277 699 2345 quidem
718 2277 782 2329 illuc
801 2276 897 2329 aetatis
917 2276 962 2344 qui
982 2275 1017 2328 sit
1038 2291 1093 2328 nou
1106 2275 1232 2328 ‘invenies
1251 2275 1363 2329 alterum

538 2364 704 2432 Lepidiorem
724 2364 757 2416 ad
777 2364 862 2416 omnis
879 2379 929 2428 res,

364 2451 443 2515 dicit
477 2451 647 2516 Pleusicles
678 2472 707 2515 v.
738 2450 919 2532 659-660,
961 2446 1011 2511 cui
1044 2468 1138 2511 senex
1165 2448 1232 2536 ipse
1264 2470 1325 2514 non
1357 2450 1538 2537 obloquitur

365 2574 397 2616 v.
421 2553 603 2616 cnr-668:

473 2652 541 2704 Tute
560 2667 601 2703 me
618 2654 650 2703 ut
668 2650 767 2702 fateare
786 2649 882 2701 faciam
902 2664 960 2702 esse
979 2649 1178 2702 adulescentem
1198 2650 1330 2702 moribus:

470 2737 510 2790 lta
529 2736 600 2807 apud
621 2738 706 2790 omnis
726 2737 875 2805 conparebo
894 2736 946 2788 tibi
964 2751 1006 2789 res
1027 2736 1171 2788 benefactis
1194 2735 1327 2804 frequens.
1373 2780 1375 2784 .

470 2823 578 2893 Opusne
597 2823 647 2876 erit
665 2823 715 2876 tibi
734 2822 862 2876 advocato
882 2823 962 2890 tristi,
979 2821 1129 2876 iracundo?
1154 2838 1215 2876 ecce
1234 2839 1283 2876 me.

471 2909 578 2979 Opusnc
597 2909 672 2962 leni?
700 2910 826 2963 leniorem
845 2910 917 2962 dices
937 2925 1014 2977 quam
1034 2912 1163 2961 mutumst
1181 2925 1265 2962 mare:

470 2995 740 3065 Liquidiusculusque
759 3012 803 3049 cro
824 3012 901 3064 quam
921 2999 1016 3047 ventus
1038 3000 1078 3047 est
1097 2994 1227 3048 favonius.

469 3082 519 3135 Vel
539 3082 735 3134 hilarissumum
754 3083 891 3135 convivam
911 3082 972 3134 hinc
991 3081 1108 3135 indidem
1127 3098 1278 3150 expromam
1297 3082 1346 3135 tibi

469 3168 518 3221 Vel
538 3169 692 3237 primarium
712 3169 858 3237 parasitum
877 3172 957 3237 atque
976 3168 1162 3221 obsonatorem
1181 3172 1326 3236 optumum.

469 3255 536 3308 Tum
556 3255 589 3307 ad
609 3254 759 3308 saltandum
778 3271 832 3308 nou
851 3254 978 3308 cinaedus
997 3254 1115 3308 malacus
1133 3260 1242 3323 aequest
1261 3259 1341 3325 atque
1360 3272 1417 3323 ego.

368 3341 507 3417 Quarum
528 3341 739 3406 sollertiarum
762 3341 825 3406 iam
844 3341 997 3427 plurimas
1017 3341 1051 3406 in
1067 3341 1130 3407 alic
1147 3363 1264 3406 conexu
1283 3343 1321 3406 ad
1335 3343 1535 3429 Aristippum

366 3441 481 3505 reicere
504 3442 672 3526 potuimus.
716 3442 810 3506 Porro
833 3462 942 3507 versus
960 3463 1082 3527 quoque
1105 3443 1164 3507 642
1187 3441 1248 3507 huc
1271 3443 1422 3528 pertinet:

488 3562 490 3565 v
574 3541 622 3593 Vel
642 3542 779 3595 cavillator
797 3541 899 3595 facetus
918 3542 958 3595 vel
979 3542 1089 3596 conviva
1108 3543 1261 3596 commodus

573 3628 645 3682 ldem
665 3645 718 3683 cro.

366 3710 536 3780 Etiamne
565 3715 719 3797 „conviva
739 3713 919 3781 commodo“
949 3715 1012 3779 iam
1043 3715 1119 3779 satis
1150 3716 1245 3781 verba
1267 3718 1348 3781 facta
1373 3699 1463 3799 sunt,
1497 3701 1545 3782 de

314 3859 316 3863 .
368 3815 590 3893 „cavillatione
612 3825 717 3881 autem
737 3814 855 3880 faceta“
877 3836 975 3901 pauca
994 3815 1107 3879 addere
1125 3815 1231 3881 velim.
1275 3817 1361 3881 Inter
1376 3818 1549 3905 praestan·'

366 3915 507 3980 tissimus
529 3917 614 3981 enim
638 3915 795 4000 Aristippi
826 3916 959 3979 virtutes
982 3914 1051 3979 sine
1073 3913 1167 3980 dubio
1197 3916 1254 3980 hae
1276 3916 1404 3982 facetiae
1427 3920 1534 3982 nume·

367 4015 480 4080 rendae
504 4024 594 4094 sunt,
627 4024 658 4082 et
679 4015 925 4079 innumerabilia
947 4019 1010 4080 fere
1034 4014 1113 4080 salse
1136 4023 1167 4080 et
1187 4017 1326 4081 aculeata
1348 4017 1431 4081 dicta
1452 4018 1534 4102 apud

264 4131 267 4135 ’
366 4116 539 4205 scriptores
555 4118 715 4198 invenies,
746 4138 824 4202 quae
848 4116 903 4180 ille
926 4116 1084 4181 occasione
1107 4117 1179 4180 data
1200 4124 1231 4180 et
1253 4107 1484 4199 elegantissime
1505 4125 1536 4181 et

366 4216 611 4301 prudentissime
641 4217 866 4302 pronuntiavit.
919 4217 1057 4293 Quorum
1087 4217 1239 4281 nonnulla
1265 4218 1329 4281 iam
1361 4217 1535 4299 attigimus,

369 4315 490 4381 similia
511 4326 618 4381 autem
639 4317 720 4401 apud
745 4316 915 4403 Diogenem
938 4316 1029 4381 facile
1050 4317 1258 4402 reperiuntur.

450 4434 595 4499 Conferas
628 4441 785 4519 praeterea
817 4433 962 4499 Socratic.
1000 4455 1048 4519 ep.
1077 4433 1139 4499 XII
1179 4432 1308 4515 (Simon
1340 4432 1535 4524 Aristippo):

367 4535 459 4604 ἔσται
477 4535 514 4597 δὲ
531 4535 550 4597 ό
570 4533 792 4620 σοιρρονισιής
807 4537 873 4596 τῶν
892 4531 1048 4616 α’ῳρόνιον
1065 4534 1157 4616 ὑμῶν
1168 4528 1534 4620 παιδιῶνἎντισθένης.
