4075 5717
948 695 1155 760 ,86-

463 894 555 940 nemo
576 873 681 938 asinos
702 883 734 938 et
756 875 848 940 boves
879 882 1042 959 empturus
1066 876 1136 955 -sit,
1167 876 1244 959 quin
1273 897 1325 940 eos
1353 888 1443 943 autea
1477 879 1600 943 uiderit.
1617 878 1641 959 ¹)

467 975 550 1039 Tum
572 997 611 1039 ne
632 996 668 1039 ea
690 974 817 1059 quidem
842 974 933 1052 mala,
966 995 1045 1057 quae
1068 996 1106 1039 ex
1129 976 1300 1042 mulierum
1323 977 1522 1063 impudicitia
1544 996 1638 1063 atque

468 1075 598 1160 perfidia
619 1073 824 1155 exsistuutss)
854 1075 935 1160 apud
959 1075 1106 1138 Plautum
1129 1075 1345 1143 inveniuntur.
1390 1078 1424 1142 ld
1446 1094 1551 1142 autem
1576 1081 1638 1142 iam

469 1175 609 1240 uidimus
627 1175 777 1240 nonnulla
795 1197 919 1256 eorum,
949 1197 1029 1261 quae
1059 1197 1097 1240 ex
1119 1175 1324 1261 Theophrasti
1356 1178 1435 1241 libro
1455 1180 1638 1263 deprompta

468 1286 560 1352 sante
593 1276 661 1340 sive
689 1277 846 1341 sententia
879 1277 959 1341 tlexa
996 1276 1065 1340 sive
1094 1297 1211 1340 conexu
1235 1287 1355 1342 mutato
1385 1278 1477 1362 paulo
1506 1280 1639 1343 alitera

465 1387 554 1462 poeta
571 1379 703 1441 formata
719 1398 796 1441 esse.
843 1377 950 1460 ltaque
972 1397 1163 1461 quamquam
1184 1376 1235 1442 hio
1252 1377 1349 1442 libere
1364 1379 1404 1443 ad
1418 1378 1637 1464 philosophum

463 1498 497 1541 se
529 1476 719 1562 applicavit,
750 1489 853 1540 tamen
879 1477 958 1540 adeo
986 1498 1025 1540 ex
1054 1497 1090 1540 eo
1122 1478 1253 1561 pendet,
1283 1490 1317 1541 ut
1347 1479 1577 1563 Theoplarasteo
1600 1502 1638 1543 ex

463 1576 545 1642 libro
567 1601 677 1644 versus
702 1577 843 1643 Plautini
865 1577 944 1661 quin
976 1576 1125 1640 fluxerint
1148 1577 1235 1642 nullo
1259 1578 1348 1642 modo
1370 1579 1508 1644 dubitari
1531 1581 1637 1664 possit.

548 1679 608 1744 Sed
642 1680 717 1764 quiid
748 1699 913 1744 commune.
947 1678 1041 1741 habet
1081 1698 1152 1741 oum
1188 1679 1350 1764 Aristippo
1382 1679 1639 1764 Theophrastus?

466 1780 632 1845 Hominem
658 1780 874 1866 Aristippeum
896 1780 923 1843 si
947 1779 1117 1865 depingere
1137 1778 1237 1841 uoluit
1261 1795 1359 1863 poeta,
1383 1802 1459 1844 nutu
1482 1781 1638 1844 doctrinas

465 1881 712 1967 Theophrasteas
740 1903 812 1946 euni
852 1869 1060 1967 proferentem
1099 1882 1198 1944 lacere
1228 1882 1354 1964 potuit?
1390 1903 1465 1945 num
1503 1883 1638 1944 eundem

466 1982 624 2047 hominem
644 1983 776 2046 duorum
795 1981 1060 2067 philosophorum,
1083 1981 1136 2063 qui
1156 1980 1243 2044 nullo
1260 1981 1385 2044 uinculo
1406 1982 1490 2045 inter
1512 2005 1546 2045 se
1567 2005 1638 2046 eou-

467 2082 565 2146 iuueti
600 2098 706 2159 erant,
744 2092 962 2145 assectatorem
998 2080 1098 2164 potuit
1132 2081 1261 2144 reddere
1294 2092 1388 2164 atque
1421 2082 1638 2167 discipulum?

465 2181 552 2259 Quod
574 2203 646 2247 oum
669 2183 806 2266 primum
830 2202 963 2266 prorsus·
978 2181 1058 2246 milti
1082 2182 1242 2245 rideretur
1263 2182 1464 2249 incredibile.
1488 2205 1638 2266 quaeren-

465 2282 542 2346 dum
575 2281 655 2346 milii
678 2302 747 2346 esse
768 2283 949 2348 censebam.
985 2303 1061 2344 num
1097 2282 1159 2344 iam
1182 2282 1365 2366 Aristippus
1399 2283 1636 2347 matrimonium

465 2382 546 2446 inire
569 2382 720 2446 uetuisset
738 2381 918 2467 discipules.
963 2382 1071 2465 Neque
1094 2397 1198 2445 tamen
1221 2381 1357 2444 uetuisse
1377 2382 1510 2446 uidetur.
1558 2385 1635 2446 Nam

463 2503 565 2567 neque
583 2498 768 2559 argumenta
789 2481 875 2565 potui
896 2481 1060 2557 inuenire
1071 2482 1186 2565 quilius
1200 2482 1256 2544 hoe
1274 2499 1374 2566 pomet
1390 2484 1472 2546 ellici
1495 2483 1635 2564 (uetabat

463 2603 538 2646 sane
559 2581 728 2667 Epicurus:
759 2581 813 2644 sed
838 2581 963 2666 Epicuri
994 2580 1044 2644 his
1075 2581 1106 2644 in
1136 2583 1228 2645 relius
1256 2581 1380 2644 oracula
1409 2603 1447 2644 ex
1464 2583 1638 2664 syrenaieo

463 2681 634 2768 uoluptatis
649 2698 777 2766 patrono
797 2680 949 2746 derivare,
972 2680 1027 2743 uui
1046 2691 1141 2743 testes
1160 2681 1253 2743 silent
1272 2690 1448 2763 taeeutque,
1467 2704 1526 2745 nou
1546 2683 1636 2745 facile

461 2778 575 2861 audeo)
598 2803 700 2865 neque
713 2780 911 2864 Aristippum
929 2780 1032 2864 ipsum
1056 2779 1201 2843 habuisse
1224 2800 1350 2843 uxorem
1367 2779 1528 2864 filiamque
1551 2782 1637 2864 iguo

462 2902 577 2945 ramus
626 2881 757 2945 Accedit
779 2892 884 2943 autem
907 2879 1002 2943 etiam
1027 2878 1101 2943 hore:
1134 2879 1286 2964 epistulas
1309 2879 1380 2943 illas
1400 2881 1636 2947 Socraticorum.

462 3002 543 3066 quae
565 2997 731 3059 rotantur,
763 2981 878 3064 quibus
908 3000 1003 3064 supra
1031 2979 1070 3043 ad
1101 2979 1404 3060 argumentationem
1435 2979 1483 3042 usi
1517 3001 1635 3051 sumus,

462 3103 523 3145 uon
555 3102 623 3144 esse
646 3068 799 3163 genuinas
831 3079 903 3163 quis
925 3090 973 3142 est.
1009 3078 1086 3162 quin
1109 3078 1211 3142 sciat?
1253 3079 1314 3142 Sed
1344 3079 1491 3162 quoniam
1521 3079 1553 3142 id
1575 3080 1635 3143 sibi

463 3179 517 3263 qui
539 3180 731 3264 seripserunt
762 3194 1004 3264 proposuerunt.
1035 3195 1069 3242 ut
1093 3177 1250 3263 Aristippi
1280 3177 1442 3259 ingenium
1472 3200 1636 3262 moresque

464 3279 504 3343 iis
525 3280 754 3345 dest-rilereut.
789 3279 873 3343 idem
903 3278 1071 3343 eonsilium
1097 3278 1197 3342 secuti
1218 3278 1300 3361 quod
1324 3278 1461 3342 nimicus
1491 3292 1580 3363 poeta
1603 3279 1635 3342 in

462 3380 565 3444 llilite
587 3379 737 3445 Glorioso
760 3400 861 3463 neque
884 3397 989 3442 tamen
1013 3399 1147 3463 nsquam
1165 3399 1236 3442 enm
1260 3378 1414 3442 imineuut
1437 3378 1637 3444 matrimonia

461 3480 712 3545 dissuadentem.
744 3479 840 3544 etiam
862 3479 920 3543 hac
949 3479 988 3543 de
1012 3499 1104 3543 taust
1128 3477 1302 3542 uerisimile
1323 3478 1415 3542 debet
1438 3477 1539 3541 rideri
1563 3477 1637 3543 Ari·

461 3579 602 3664 stippum
620 3578 786 3664 discipulis
810 3600 939 3643 uxorem
958 3580 1071 3643 duoete
1087 3577 1277 3663 permisisse.
1321 3578 1430 3661 ltaque
1447 3576 1529 3640 uiliil
1550 3577 1638 3643 aliud

465 3696 560 3744 restat
582 3679 645 3743 nisi
670 3692 704 3744 ut
726 3692 862 3744 statuam
886 3696 1008 3764 poetam
1041 3678 1212 3758 oomieum,
1241 3677 1387 3761 quamuis
1409 3676 1568 3763 Aristippi
1589 3677 1637 3740 in·

464 3778 567 3842 dolent
587 3778 686 3843 animi
705 3778 886 3863 ingeniique
900 3779 1072 3843 attribuere
1087 3777 1241 3842 studuerit
1254 3776 1516 3861 Peripletumeuo.
1531 3794 1638 3842 tamen

467 3879 545 3942 hanc
561 3880 599 3942 de
616 3879 816 3943 matrimonio
834 3878 1080 3965 disputationem
1095 3877 1198 3941 alieno
1211 3898 1250 3941 ex
1267 3879 1351 3941 sonte
1365 3897 1432 3941 eme
1448 3887 1636 3941 mutuatum.

551 3979 588 4042 Et
617 3979 692 4042 haee
721 3979 850 4063 quidem
873 3978 1033 4043 haetenus.
1076 3977 1141 4041 Sub
1163 3978 1257 4040 tinem
1286 3986 1392 4040 autem
1414 3975 1510 4040 huius
1530 3976 1638 4062 dispu-

466 4079 595 4143 tationis
627 4078 717 4142 lieeat
747 4077 827 4142 milti
859 4078 898 4142 de
920 4077 1035 4142 llilitis
1056 4076 1189 4140 Gloriosi
1218 4074 1355 4160 exempli
1377 4094 1502 4140 auctore
1522 4075 1638 4141 (itatem

467 4179 675 4244 eonieeturam
697 4181 842 4262 prolerre„
864 4180 944 4262 quae
965 4176 1197 4262 Theophrastus
1214 4175 1353 4240 doctrina
1370 4192 1524 4259 quantum
1547 4174 1636 4241 valu-

466 4281 526 4344 erit
556 4281 588 4344 in
613 4279 668 4342 hae
691 4279 796 4343 satura
826 4279 973 4364 quoniam
1003 4277 1154 4356 vidimus¹
1185 4276 1386 4364 inpromptu
1409 4274 1488 4341 mihi
1511 4275 1638 4344 uidetur

538 4454 565 4505 1¹·
583 4452 623 4505 tt.
642 4451 658 4519 ξ
674 4453 719 4505 au.

536 4538 564 4593 st
582 4538 622 4591 ὰ.
640 4539 656 4606 ξ
675 4538 717 4591 'ss
