4075 5717
808 686 1016 748 -55..

466 861 635 926 Mnesiloche,
656 878 719 914 cura
731 865 764 944 et
782 864 936 931 concastiga
955 865 1086 918 hominem
1106 864 1197 932 probe.

327 971 428 1033 neque
451 956 572 1012 recusat
594 948 821 1014 Mnesilochus:
844 957 941 1010 iactum
962 956 1031 1010 volo.
1075 949 1120 1032 (v.
1142 947 1228 1031 495).

412 1066 598 1149 Lysidamus
632 1086 753 1153 quoque
786 1067 915 1131 Casinae
949 1090 977 1132 v.
1007 1069 1082 1146 515,
1116 1088 1241 1132 monere
1274 1074 1305 1130 et
1336 1064 1499 1146 obiurgare

327 1166 421 1230 amici
448 1187 514 1230 esse
545 1187 606 1229 non
637 1165 776 1248 ignorat,
810 1168 862 1231 sed
894 1167 961 1253 ipse
983 1168 1081 1232 bonus
1103 1167 1223 1230 amicus
1247 1174 1393 1245 nonest,
1426 1185 1498 1227 cum

327 1266 494 1331 veritatem
515 1267 623 1331 audire
646 1274 795 1351 nequeat:

432 1384 509 1436 Nunc
526 1383 638 1436 amicine
657 1399 726 1436 anne
746 1384 845 1436 inimici
866 1384 903 1436 sis
923 1385 1020 1451 imago,
1041 1382 1183 1448 Aloasime,

435 1469 501 1522 Mihi
521 1471 618 1523 sciam:
639 1486 711 1523 nunc
730 1471 864 1539 specimen
883 1470 1008 1538 specitur,
1027 1485 1099 1522 nunc
1117 1473 1250 1521 certamen
1269 1467 1394 1521 cernitur.

432 1556 485 1610 Gur
503 1573 586 1609 amem
607 1573 648 1609 me
668 1557 807 1623 castigare,
827 1555 853 1608 id
873 1557 964 1624 ponito
984 1556 1017 1609 ad
1037 1555 1239 1625 compendium:

433 1642 520 1708 ,Oeno
540 1644 635 1711 capite,
655 1647 741 1695 aetate
763 1643 865 1695 aliena“
889 1658 919 1695 eo
939 1642 1031 1695 addito
1051 1641 1083 1694 ad
1103 1641 1297 1709 compendium.

433 1728 515 1793 „Quoi
535 1730 570 1782 sit
587 1730 679 1793 uxor,“
700 1728 727 1780 id
747 1744 851 1797 quoque
870 1728 933 1781 ilinc
952 1729 1045 1796 ponito
1064 1727 1097 1780 ad
1117 1727 1310 1795 compendium.

327 1833 363 1897 Ei
388 1833 504 1896 similis
526 1840 572 1896 est
592 1831 748 1916 Demipho
771 1831 950 1895 Mercatoris
973 1853 1000 1894 v.
1024 1832 1086 1894 316
1103 1850 1165 1914 sq.:

430 1932 507 1984 Nunc
525 1936 555 1983 tu
575 1947 624 1998 me,
643 1930 730 1994 credo,
749 1931 880 1997 castigare
899 1931 1009 1999 cogitas.

325 2016 527 2086 Lysimachus:
547 2019 621 2086 Egon
642 2017 688 2070 tei
724 2015 780 2070 no:
798 2017 840 2069 Nil
861 2024 900 2070 est
919 2019 979 2080 iam,
999 2016 1069 2086 quod
1090 2022 1120 2070 tn
1139 2018 1202 2069 mihi
1221 2032 1392 2069 suscenseas:

427 2107 523 2159 Fecere
541 2105 595 2158 tale
614 2109 675 2158 aute
694 2104 756 2170 aliei
775 2107 887 2173 spectati
906 2105 980 2158 sirei.
1185 2163 1187 2169 Ι

429 2193 579 2245 Humanum
597 2196 711 2244 amarest
729 2196 809 2260 atque
828 2191 856 2243 id
875 2192 915 2244 vei
935 2191 1052 2259 optingit
1070 2191 1158 2243 deum.

429 2280 468 2332 Ne
487 2280 524 2331 sis
541 2294 582 2330 me
601 2279 726 2346 obiurga:
754 2278 803 2330 hoc
821 2294 875 2330 non
894 2277 1017 2331 voluutas
1037 2293 1077 2329 me
1095 2269 1210 2344 impulit.

342 2362 402 2433 up:
431 2365 501 2428 Quin
519 2381 574 2417 non
592 2365 711 2432 ohinrgo.
747 2361 803 2416 lle:
829 2365 865 2417 At
882 2381 916 2417 ne
935 2364 1090 2417 deteriorem
1110 2367 1199 2415 tamen

428 2451 484 2505 Hoc
502 2451 571 2504 facto
592 2450 682 2504 ducas.
718 2448 776 2519 Isy:
803 2451 878 2520 Egon
896 2449 942 2503 tei
968 2450 1010 2514 ah,
1029 2465 1062 2502 ne
1082 2449 1108 2501 di
1129 2449 1247 2502 siverint.

409 2555 457 2618 Ad
481 2554 612 2619 eandem
624 2554 865 2639 Peripatetioam
885 2553 1057 2619 doctrinam
1075 2551 1253 2616 referendos
1274 2570 1340 2614 esse
1362 2550 1495 2615 arbitror

326 2653 420 2718 etiam
433 2654 504 2719 illos
528 2654 619 2736 locos,
643 2655 757 2738 quibus
777 2655 959 2739 priusquam
977 2654 1015 2718 ad
1033 2674 1109 2730 rem,
1134 2672 1229 2735 quam
1246 2649 1308 2714 sibi
1324 2650 1493 2735 proposuit,

325 2754 492 2839 quisquam
524 2755 665 2833 accedat,
699 2755 738 2818 ab
770 2755 880 2819 amicis
914 2753 993 2839 petit
1028 2752 1204 2831 consilium,
1239 2751 1321 2816 siout
1353 2750 1537 2835 Antiphos

323 2853 420 2918 Stich.
443 2875 472 2917 v.
495 2855 569 2919 128:

429 2972 463 3023 hii
483 2977 604 3024 auctores
623 2972 661 3024 ita
680 2976 743 3025 sunt
762 2973 848 3037 amici,
867 2976 961 3025 utros
982 2972 1043 3024 hinc
1063 2972 1192 3024 abducam
1216 2969 1331 3022 domum.

325 3074 365 3138 Et
387 3074 471 3139 idem
495 3073 613 3138 ibidem
635 3098 664 3139 v.
691 3075 765 3139 143:

426 3173 497 3226 Bene
517 3173 615 3226 valete:
642 3175 685 3227 ibo
705 3182 784 3243 atque
804 3175 895 3226 amieis
915 3178 1004 3226 vostra
1023 3172 1134 3225 consilia
1153 3171 1270 3240 eloquar.

327 3276 367 3340 Et
388 3277 564 3341 Gelasimus
586 3279 741 3363 parasitus
764 3279 882 3343 ibidem
904 3301 932 3343 v.
956 3279 1033 3342 503:

427 3375 560 3429 Certumst
580 3378 678 3431 amicos
698 3395 851 3442 convocare,
869 3383 899 3430 nt
918 3376 1055 3431 consulam

428 3462 486 3526 Qua
504 3463 562 3530 lege
581 3480 652 3517 nunc
672 3464 782 3517 med-
801 3466 915 3518 essurire
934 3469 1064 3534 oporteat.

408 3565 513 3642 Quid?
544 3567 623 3651 quod
648 3568 827 3632 Terentiani
850 3565 1195 3634 Heautontimorumeni
1224 3565 1257 3627 in
1288 3561 1380 3626 initio
1408 3561 1491 3623 idem

329 3664 607 3749 Peripateticorum
629 3668 828 3734 deamicitia
851 3677 1050 3754 praeceptum
1074 3668 1221 3731 Chremes
1243 3664 1366 3749 probat:

518 3783 681 3851 Quamquam
691 3786 755 3838 haec
765 3787 835 3839 inter
847 3802 895 3838 nos
907 3802 992 3854 nuper
1002 3785 1098 3839 notitia
1106 3781 1246 3836 admodum
1257 3786 1298 3834 est

517 3871 581 3923 Inde
593 3871 667 3937 adeo,
682 3888 758 3940 quoru
775 3888 866 3940 agrum
882 3874 910 3924 in
927 3887 1054 3940 proxumo
1066 3871 1109 3924 hic
1119 3872 1250 3922 mercatus
1260 3884 1298 3934 es,

518 3958 573 4010 Nec
592 3959 629 4010 rei
649 3958 704 4011 fere
723 3974 787 4011 sane
808 3958 856 4011 hoc
875 3957 989 4027 amplius
1009 3958 1149 4025 quicquam
1169 3956 1233 4008 fuit:

518 4045 618 4097 Tamen
637 4045 676 4098 rel
696 4045 780 4098 virtus
799 4050 845 4097 tna
866 4061 906 4097 me
927 4045 966 4097 vel
985 4045 1117 4110 vicinitate,

518 4129 594 4193 Quod
615 4147 662 4199 ego
681 4132 709 4184 in
728 4133 877 4200 propinqua
896 4136 971 4199 parte
990 4131 1122 4184 amicitiae
1141 4135 1216 4199 puto,

517 4218 591 4270 Facit
609 4223 640 4270 ut
658 4222 684 4270 te
703 4219 829 4288 audacter
848 4234 967 4271 moneam
987 4223 1013 4271 et
1031 4216 1205 4284 familiariter,

519 4304 595 4366 Quod
614 4305 678 4357 mihi
698 4305 786 4358 videre
806 4310 910 4374 praeter
926 4309 1039 4358 acutam
1058 4308 1131 4358 tuam

517 4390 615 4445 Facere
634 4395 660 4444 et
679 4396 783 4459 praeter
802 4408 880 4460 quam
900 4407 941 4445 res
963 4396 989 4445 te
1008 4391 1165 4446 adhortatur
1182 4394 1237 4447 tua.

322 4496 444 4564 Exinde
466 4495 684 4563 Menedemum
708 4494 863 4581 increpat:
