4075 5717
813 709 1020 773 ..43-

329 891 389 944 Non
400 907 431 943 eo
441 891 506 944 haee
515 891 584 950 dieo,
595 886 697 970 pergit
707 887 823 963 Philto,
831 897 895 964 quin
907 914 974 965 quae
990 902 1020 951 tu
1036 899 1076 950 ris
1093 914 1141 963 ego
1152 899 1228 950 velim
1240 902 1267 950 et
1283 897 1377 952 laetam
1387 899 1497 953 lubens:

330 985 382 1038 Sed
401 1003 450 1055 ego
469 988 519 1041 hoe
538 990 645 1043 verbum
666 1007 743 1060 quom
764 993 803 1045 illi
822 981 945 1062 quoidam
966 994 1034 1060 dieo,
1054 999 1236 1063 praemonstro
1256 995 1314 1059 tibi,

331 1072 366 1126 Ut
384 1073 423 1125 ita
441 1077 467 1126 te
489 1074 600 1128 aliorum
620 1077 783 1144 miserescat,
801 1096 834 1132 ne
853 1081 888 1132 tis
908 1078 974 1133 alios
993 1082 1124 1134 misereat.

329 1160 415 1224 Haeo
437 1182 560 1245 quoque
591 1164 764 1229 admonitio
781 1167 898 1251 optime
921 1189 991 1232 cum
1013 1167 1142 1253 Epicuri
1165 1168 1305 1232 doctrina
1328 1168 1408 1232 mihi
1430 1189 1500 1233 oon·

330 1267 447 1332 sentire
476 1268 619 1347 videtur,
660 1292 769 1355 quem,
814 1270 959 1356 quamvis
990 1268 1102 1332 amicis
1137 1267 1281 1353 prodesse
1312 1268 1460 1346 studeret,
1478 1268 1501 1349 ¹)

330 1378 436 1432 tamen
468 1369 574 1432 omnia
605 1370 644 1433 ad
677 1392 765 1435 suam
796 1372 967 1435 utilitatem
1000 1372 1115 1433 relerre
1150 1367 1280 1432 solitum
1312 1388 1379 1432 esse
1409 1389 1518 1460 supra¹

331 1467 516 1550 vidimus.2)
1332 1484 1334 1489 ·

414 1569 532 1648 Restat,
565 1578 599 1633 ut
631 1571 668 1634 de
689 1572 834 1636 Alexidis
858 1574 948 1654 lrgm.
971 1572 1011 1636 23
1034 1569 1134 1650 (Kook
1158 1570 1190 1633 ΙΙ
1219 1588 1286 1654 pag.
1309 1564 1386 1647 306)
1408 1566 1503 1631 verba

331 1668 500 1733 laniamus:

525 1770 551 1820 τί
569 1767 656 1820 ταῦτα
675 1768 777 1841 ληρεῖς,
796 1767 948 1840 φληναφῶν
967 1765 1025 1820 άνω
1043 1764 1118 1820 κάτω

525 1854 656 1919 Λύκειον,
672 1852 853 1926 Ἀκαδήμειαν
871 1851 995 1908 Ὠιδείου
1013 1854 1108 1922 πύλας,

526 1940 627 2012 λήρους
644 1941 796 2008 σοφιστῶν;
817 1939 880 1994 οὐδὲ
899 1939 930 1994 ἓν
949 1942 1052 1994 τούτων
1071 1938 1163 1994 καλόν.

528 2030 662 2100 πίνωμεν,
682 2025 853 2099 ἐμπίνωμεν,
872 2013 893 2080 ω
911 2028 1014 2089 Σίκων,
1035 2027 1137 2090 Σίκων,

440 2114 455 2168 5
524 2117 676 2187 χαίρωμεν,
696 2113 746 2174 ἕως
764 2113 856 2168 ἔνεστι
876 2109 927 2184 τὴν
946 2108 1039 2185 ψυχὴν
1059 2112 1181 2185 τρέφειν.

530 2198 652 2272 τύρβαζε,
672 2199 766 2272 Μάνη.
795 2195 913 2272 γαστρός
932 2198 1012 2253 οὐδὲν
1032 2193 1118 2270 ἥδιον·

528 2281 597 2358 αύτη
617 2289 707 2359 πατήρ
726 2307 770 2341 σοι
790 2288 837 2341 καί
854 2285 940 2340 πάλιν
956 2285 1049 2359 μήτηρ
1067 2284 1149 2358 μόνη.

527 2370 626 2445 άρεταί
644 2373 674 2427 δὲ
690 2376 834 2447 πρεσβεῖαί
855 2392 886 2428 τε
905 2375 953 2426 καί
970 2375 1137 2445 στρατηγίαι

529 2458 634 2533 κόμποι
654 2462 731 2513 κενοί
750 2459 892 2527 ψοφοῦσιν
908 2456 969 2513 ἄντ’
989 2456 1150 2530 ὀνειράτων.

426 2549 458 2601 10
529 2544 612 2613 ψύξει
630 2565 662 2600 σε
679 2546 786 2618 δαίμων
805 2546 842 2616 toi
859 2545 1034 2619 πεπρωμένῳ
1049 2542 1148 2618 χρόνῳ.

547 2631 619 2693 ἕξεις
637 2633 655 2684 δ
660 2628 669 2646 ’
687 2627 726 2686 όδ
745 2630 780 2686 άν
798 2635 889 2708 φάνης
908 2633 1003 2686 τεκαὶ
1022 2634 1087 2706 πίης
1101 2629 1184 2702 μόνα,

528 2716 628 2779 σποδός
647 2719 676 2772 δὲ
695 2716 788 2784 τάλλα,
809 2719 972 2790 Περικλέης,
997 2714 1115 2788 Κόδρος,
1137 2718 1244 2788 Κίμων.

337 2810 433 2874 Cuius
456 2809 624 2891 fragmenti
644 2808 787 2872 versibus
809 2810 922 2887 4—12,
945 2805 1060 2890 quibus
1082 2803 1227 2884 servus³l
1249 2803 1365 2887 aliquis
1387 2823 1507 2866 conser-

336 2930 422 2986 vum,
440 2908 504 2972 vita
522 2915 556 2971 ut
573 2910 704 2988 fruatur,
722 2908 878 2985 admonet,
895 2905 1023 2991 Epicuri
1039 2904 1116 2989 quin
1134 2904 1328 2989 exprimatur
1343 2901 1508 2982 sententia,

337 3007 459 3072 nemini
493 3017 592 3092 potest
625 3029 691 3071 esse
726 3007 856 3071 dubium
887 3027 987 3090 neque
1017 3007 1075 3069 hau
1106 3005 1143 3067 de
1172 3026 1206 3067 re
1233 3024 1309 3089 opus
1340 3013 1387 3066 est
1415 3002 1509 3066 verba

338 3111 456 3184 faeere3
470 3108 522 3172 sed
536 3107 653 3192 primos
664 3128 795 3192 quoque,
808 3107 923 3190 quibus
938 3106 1130 3191 philosophis
1142 3105 1312 3185 maledicit,
1324 3104 1363 3167 ad
1374 3104 1508 3167 eundern

338 3229 405 3272 esse
428 3208 603 3272 referendos
627 3229 665 3271 ex
685 3207 812 3291 Epicuri
842 3209 932 3288 lrgm.
956 3206 1017 3270 238
1047 3206 1277 3290 cognoscimuS,
1308 3204 1391 3268 unde
1410 3203 1510 3286 magi·

338 3317 437 3371 strum
462 3328 587 3392 prorsus
609 3307 718 3372 eodem
747 3306 835 3370 modo
858 3307 891 3370 in
914 3315 1032 3372 eeteros
1051 3306 1250 3391 philosophos
1272 3324 1509 3387 nonnumquam

338 3429 406 3472 esse
429 3407 587 3471 invectum
611 3405 771 3470 discimus

420 3508 465 3571 Cf.
487 3509 578 3590 frgm.
592 3507 653 3572 238
675 3506 778 3589 (Diog.
791 3507 825 3571 L.
847 3505 940 3587 X8):
963 3505 1039 3580 τούς
1058 3528 1095 3568 τε
1119 3507 1194 3586 περὶ
1218 3507 1384 3570 Πλούτωνα
1407 3508 1509 3590 (Ἐπί-

336 3629 450 3688 κουρος
477 3604 600 3687 ἐκάλει)
628 3604 908 3679 Διονυσοκόλακας
945 3606 999 3668 καὶ
1041 3605 1144 3670 adadu
1175 3606 1338 3670 Πλάτωνα
1366 3612 1510 3689 χρυσοῦν

436 3704 645 3786 Ἡράκλειτόν
679 3728 712 3766 τε
743 3706 885 3789 κυκηιην
914 3705 968 3767 καὶ
991 3702 1195 3788 Δημόκριτον
1215 3705 1425 3790 Δημόκριτον
1456 3710 1510 3772 καὶ

338 3807 528 3887 Ἀντίδωρον
549 3805 757 3885 Σαννίδωρον
783 3805 859 3880 τούς
887 3828 924 3867 τε
954 3807 1101 3879 κυνικούς
1127 3806 1267 3887 ἐχθρούς
1285 3810 1342 3890 τῆς
1362 3806 1512 3881 Ἑλλάδος

338 3908 394 3971 καί
422 3906 499 3980 τούς
530 3904 747 3979 διαλεκτικούς
780 3903 1017 3989 πολυφθόρους
1046 3904 1207 3986 Πύρρωνα
1239 3906 1277 3968 δὲ
1305 3906 1428 3991 οἶμαθῆ
1456 3907 1510 3969 καί

339 4006 557 4071 α’παίδεννον.

422 4107 462 4170 llt
494 4106 570 4170 haee
604 4106 731 4191 quidem
765 4108 890 4192 Epicuri
926 4108 1130 4195 placitorum,
1167 4131 1246 4193 quae
1282 4109 1364 4193 apud
1408 4118 1512 4191 poetas

341 4206 484 4285 comicos,
509 4205 700 4275 invenimus.
732 4207 875 4289 vestigia.
920 4210 989 4273 Non
1010 4209 1081 4274 sine
1104 4211 1188 4274 lucro
1210 4218 1316 4272 autem
1342 4229 1409 4272 esse
1430 4207 1512 4272 arbi-

340 4317 577 4422 *Kella
596 4353 639 4406 n.

412 4439 440 4507 2)
459 4439 497 4492 of.
516 4456 577 4508 pag.
595 4438 637 4492 39.

411 4527 440 4595 3)
459 4526 499 4580 (ll.
516 4527 647 4579 Athenaei
665 4526 689 4594 8,
701 4526 751 4579 336
772 4527 797 4579 d.
817 4543 839 4578 e.
875 4525 949 4578 Koclr
968 4525 992 4578 Il
1012 4540 1073 4592 pag.
1091 4523 1151 4577 307.
