4075 5717
987 745 1028 754 ..
1071 712 1193 774 73³„

504 891 544 955 Et
579 890 686 955 videas
717 889 980 973 quemadmodum
1015 889 1133 954 ibidem
1168 911 1215 974 ep.
1242 889 1320 953 XIII
1351 889 1510 953 Simonem
1538 887 1674 951 ludibrio

503 991 615 1055 habeat
636 989 828 1074 Aristippus,
852 1011 898 1074 ep.
923 989 968 1053 IX
991 989 1224 1053 Antisthenem.

588 1090 714 1153 Praeter
736 1089 816 1153 banc
835 1090 935 1153 animi
959 1089 1169 1154 mobilitatem
1182 1087 1340 1173 Aristippi
1356 1108 1479 1151 summa
1496 1086 1675 1151 humanitas

505 1190 566 1253 luit
594 1190 718 1274 propria
746 1198 840 1273 atque
869 1189 1091 1254 urbanitas-
1113 1184 1245 1272 ἥδιστος
1273 1211 1291 1253 a
1313 1188 1459 1272 Gregorio
1481 1189 1675 1253 Nazianzeno

505 1289 681 1374 appellatur
709 1299 740 1353 et
769 1292 809 1353 ab
839 1290 946 1355 eodem
980 1290 1012 1352 in
1044 1311 1079 1354 eo
1109 1290 1147 1351 ad
1176 1289 1370 1368 εὐχάριστοι·
1392 1291 1449 1350 τοῦ
1473 1292 1600 1369 τρόπον
1621 1288 1675 1349 καὶ

506 1389 678 1468 ordinator·
698 1391 892 1475 praedicatur
903 1425 944 1436 -
955 1390 1085 1454 eandem
1098 1399 1202 1454 autem
1215 1390 1411 1455 dulcedinem
1425 1389 1675 1472 suavitatemque

506 1510 626 1554 morum
668 1490 763 1554 etiam
799 1491 831 1555 in
863 1491 1115 1576 Periplecomeno
1147 1490 1350 1554 admiramur.
1405 1491 1504 1566 Quam
1537 1489 1681 1553 suaviter

505 1589 589 1654 enim
612 1603 706 1675 atque
728 1591 886 1674 eleganter
908 1591 941 1655 iu
962 1591 1116 1656 conviviis
1138 1612 1173 1655 se
1194 1589 1295 1673 gerit!

586 1690 845 1775 mamm:

573 1789 665 1858 Neque
683 1807 732 1858 ego
751 1791 891 1844 oblocutor
908 1807 965 1844 sum
985 1791 1062 1845 alteri
1081 1793 1108 1845 In
1127 1791 1256 1844 convivio.

573 1875 790 1930 lncomoditate
810 1877 943 1931 abstinere
963 1893 1003 1930 me
1023 1879 1095 1946 apud
1114 1879 1239 1931 convIvas
1257 1878 1393 1932 commode

575 1960 763 2028 commemini:
782 1969 808 2016 et
827 1980 899 2017 meae
919 1962 1049 2018 orationis
1067 1967 1164 2020 iustam
1185 1970 1285 2034 partem
1304 1966 1427 2034 persequi

574 2049 607 2102 Et
627 2066 710 2103 meam
730 2056 830 2118 partem
850 2051 942 2103 itidem
960 2056 1058 2116 tacere,
1079 2068 1157 2120 quom
1177 2053 1291 2105 alienast
1305 2053 1398 2105 oratio.

576 2135 693 2188 Illinume
712 2141 842 2204 sputator,
861 2144 978 2190 screator
997 2153 1065 2205 sum,
1085 2139 1175 2190 itidem
1196 2140 1312 2192 minume
1331 2139 1476 2192 muoridus.

574 2309 638 2361 Plus
655 2309 724 2361 dabo
744 2325 822 2377 quam
843 2311 1001 2380 praedIcabo
1022 2327 1054 2362 ex
1073 2327 1114 2363 me
1132 2311 1281 2364 venustatis
1300 2312 1358 2364 tibi.

575 2395 666 2463 Neque
686 2412 734 2464 ego
753 2413 878 2464 umquam
900 2397 1015 2450 alienum
1042 2401 1156 2449 scortum
1177 2399 1295 2465 subigito
1314 2399 1342 2449 in
1360 2397 1495 2450 convitio:

575 2481 665 2550 Neque
677 2483 817 2551 ,praeripio
837 2483 1038 2552 pulpamentum
1057 2500 1143 2552 neque
1163 2489 1302 2552 praevorto
1322 2483 1460 2552 poculum:

576 2568 668 2637 Neque
688 2585 734 2638 per
755 2571 843 2622 vinum
863 2585 987 2638 umquam
1007 2586 1040 2621 ex
1059 2586 1099 2622 me
1118 2570 1236 2622 exoritur
1255 2571 1396 2623 discidium
1415 2570 1443 2622 in
1462 2569 1592 2622 convivio.

468 2638 472 2645 ’
575 2653 665 2724 SIquis
684 2656 748 2708 ibist
766 2656 883 2719 odiosus,
904 2658 969 2709 abeo
989 2657 1105 2721 domum,
1124 2672 1270 2710 sermonem
1290 2673 1409 2725 segrego.

509 2742 590 2817 Quos
612 2763 722 2806 versus
744 2744 938 2828 perlegentes
950 2744 1152 2829 Aristippum
1174 2766 1276 2809 nonne
1298 2746 1402 2830 ipsum
1425 2745 1603 2828 loquentem
1624 2765 1679 2808 nos

510 2843 618 2905 audire
640 2848 809 2926 putamus?
849 2845 934 2919 Quod
951 2866 1010 2928 quo
1028 2845 1128 2926 magis
1144 2853 1302 2930 appareat,
1323 2844 1463 2927 singulas
1480 2843 1680 2908 liberalitatis

510 2940 661 3023 virtutes,
683 2942 797 3026 quibus
819 2965 913 3009 senex
935 2946 992 3010 hoc
1015 2945 1080 3011 loco
1102 2945 1269 3028 gloriatur,
1292 2966 1362 3009 oum
1385 2944 1578 3030 Aristippeis
1598 2965 1679 3008 com-

511 3062 670 3125 ponamus.

593 3141 900 3226 Peripleoomenum,
933 3153 969 3209 ut
989 3167 1027 3208 ex
1050 3145 1210 3222 versibus,
1246 3166 1323 3229 quos
1343 3144 1527 3224 attulimus,
1560 3142 1681 3227 liquido

511 3249 648 3325 apparet,
672 3243 791 3308 nullius
809 3248 871 3309 lere
889 3247 963 3310 vitii
979 3246 1078 3328 magis
1099 3245 1203 3308 taedet
1225 3267 1318 3328 quam
1336 3245 1539 3326 arrogantiae.
1582 3244 1682 3308 Num·

512 3360 605 3423 quam
629 3363 661 3406 se
693 3344 788 3407 iactat
817 3354 871 3408 aut
904 3345 1091 3411 insolentius
1121 3365 1154 3408 se
1176 3345 1273 3425 ell'ert,
1304 3344 1357 3408 sed
1387 3365 1511 3430 semper
1543 3343 1682 3408 modeste

510 3449 604 3524 atque
628 3441 748 3526 placide
771 3465 803 3507 se
826 3466 930 3527 gerere
949 3446 1063 3510 studet.

595 3541 702 3626 Neque
724 3544 888 3629 Aristippo
910 3545 1023 3609 minori
1046 3546 1115 3610 odio
1138 3554 1204 3609 erat
1224 3545 1417 3628 arrogantia,
1448 3565 1541 3628 quam
1566 3550 1682 3627 quanto

512 3641 657 3704 acumine
690 3643 866 3728 vituperare
894 3645 1005 3709 solitus
1033 3645 1084 3727 sit,
1115 3667 1151 3725 err¹
1176 3645 1287 3709 multis
1310 3633 1554 3709 narratiunculis
1576 3641 1682 3723 colligi

512 3748 623 3825 potest.

541 3913 544 3919 ⁴
594 3842 639 3907 cl.
669 3842 766 3906 Arist.
797 3845 887 3908 Rhet.
910 3847 934 3910 B
957 3847 1014 3910 23:
1049 3846 1258 3924 Ἀρίστιππος
1286 3845 1369 3924 πρός
1392 3844 1557 3908 Πλάτωνα
1585 3842 1683 3919 ἐπαγ·

512 3939 741 4023 γολτικοίτορόν
762 3965 790 4006 το
814 3944 971 4023 εἰπόντα,
1001 3946 1042 4020 ὠς
1064 3942 1153 4028 ᾤετο·
1175 3945 1261 4008 ἄλλά
1287 3946 1354 4030 μήν
1377 3941 1422 4025 ir'y'
1445 3943 1570 4023 ἑταῖρος
1590 3939 1684 4023 ἡτῶν

513 4041 610 4105 οὐδὲν
632 4046 794 4124 τοιοῦτον,
825 4046 925 4127 λέγων
946 4049 1006 4109 τόν
1028 4044 1193 4129 Σωκράτη.

596 4142 684 4228 Diog.
710 4145 740 4210 L.
764 4147 875 4213 IIII:
909 4153 1155 4229 Σομνονομένοο
1184 4146 1271 4220 τινος
1300 4145 1357 4207 ἐπὶ
1387 4143 1587 4226 noiomo-‘riq
1609 4142 1682 4224 ἔφη·

514 4238 627 4325 ὥσπερ
646 4244 705 4326 οὐχ
728 4247 759 4309 oi
779 4249 821 4310 aei
840 4248 983 4325 πλεῖστα
998 4249 1171 4321 ἐσθίοντος
1185 4247 1239 4329 καὶ
1254 4240 1489 4327 γυμναζόμενοι
1503 4241 1685 4323 ὑγιαίνουσι

514 4345 640 4424 μᾶλλον
661 4349 726 4409 τῶν
748 4350 790 4410 τοὶ
813 4349 932 4411 δέοντα
959 4356 1257 4431 προσφερομένων,
1291 4342 1391 4418 οὕτως
1413 4343 1493 4406 ου’δὲ
1515 4341 1546 4405 oi
1565 4341 1684 4421 πολλοί,

510 4443 583 4507 ἀλλ’
611 4445 641 4508 oi
661 4446 805 4532 χρήσιμοι
827 4446 1105 4530 οἶτόγονώσκοντές
1126 4446 1190 4511 εἰσι
1213 4444 1401 4510 σπουδαῖοι.
1414 4442 1440 4526 ¹)

588 4581 614 4648 I)
634 4581 672 4636 cf.
693 4584 769 4653 Illog.
788 4583 817 4636 L.
836 4583 920 4636 1173.
939 4584 981 4637 74.
