4075 5717
841 673 1048 735 ..41-

556 829 601 918 cip’
619 843 676 900 ἐστὶ
693 848 831 917 συγγενές
849 867 876 900 τι
894 846 967 920 λέπη
986 851 1034 903 καὶ
1051 853 1121 913 βίος·

556 933 683 1006 τρυφερῷ
700 937 749 1007 βίῳ
767 932 905 995 σύνεστιν,
925 932 1025 1009 ἐνδόξῳ
1042 939 1091 1009 βίῳ

475 1020 508 1073 10
560 1017 702 1092 πάρεστιν,
722 1016 817 1093 ἀπόρῳ
835 1024 1093 1093 συγκαταγηράσκει
1110 1025 1167 1097 βίῳ.

357 1123 528 1189 Menandro
550 1133 655 1189 autem
677 1125 847 1190 assentitur
869 1126 1033 1192 Philemon
1054 1130 1142 1210 lrgm.
1156 1130 1196 1194 96
1218 1130 1319 1213 (Kook
1341 1130 1369 1197 Il
1393 1155 1422 1218 p.
1435 1132 1527 1215 508>2

551 1219 584 1294 νὴ
605 1219 654 1276 τὸν
672 1224 725 1276 Δία
746 1219 794 1276 τὸν
812 1223 948 1295 μέγιστον
965 1222 1056 1298 ᾤ’μην,
1076 1227 1178 1295 Σωσία,

551 1305 601 1379 ε’γιὶ
623 1307 762 1383 πρότερον
781 1310 836 1382 μέν
856 1305 921 1370 τοὺς
938 1311 1061 1383 πένητας
1078 1313 1126 1384 ζῆν
1142 1313 1247 1386 μόνους

549 1391 751 1468 σ’δυνιυμένυυς,
770 1395 824 1449 τῶν
841 1399 978 1451 πλουσίων
996 1397 1026 1452 δέ
1045 1395 1094 1453 τὸν
1108 1403 1170 1470 βίον

550 1483 646 1554 ἱλαρόν
664 1477 720 1536 τιν’
739 1479 814 1536 εἶναι
833 1487 880 1536 καί
899 1484 998 1556 φέρειν
1017 1483 1169 1559 ετίθυμίαν·

550 1570 613 1622 νυνὶ
630 1567 660 1622 δὲ
678 1569 847 1640 διαφέροντα
867 1577 924 1631 τοῖς
942 1568 1011 1625 καθ’
1030 1568 1138 1646 ἡμέραν

550 1654 749 1728 δαπανήμασιν
769 1651 801 1727 δὴ
821 1652 869 1710 τὸν
887 1660 948 1727 βίον
966 1655 1021 1732 ἆρα]
1037 1658 1136 1732 μόνον,

551 1740 639 1802 λα’πας
657 1737 687 1794 d’
706 1742 820 1815 ἔχοντας
837 1747 968 1815 μείζονας
985 1740 1050 1805 τοὺς
1065 1748 1204 1818 μείζονας.

360 1849 483 1914 Deinde
523 1848 638 1912 laetam
678 1857 893 1934 paupertatem
927 1850 1085 1914 laudatam
1122 1851 1267 1918 videmus
1308 1875 1327 1918 a
1359 1852 1528 1916 Menandro

359 1951 451 2033 frgm.
476 1949 536 2014 588
558 1947 659 2029 (Kook
682 1950 730 2013 ΙΙΙ
751 1971 821 2034 pag.
846 1949 936 2031 178):

552 2052 681 2117 κρεῖττον
699 2044 754 2118 γάρ
775 2045 859 2116 ε’στιν,
879 2043 915 2100 ἂν
932 2047 1022 2123 σκοπῇ
1038 2066 1081 2107 τις
1099 2044 1169 2102 κατὰ
1189 2047 1282 2120 λόγον,

551 2128 590 2205 μὴ
609 2128 687 2186 πόλλ’
705 2131 809 2205 rt'pdhig,x
823 2129 903 2205 ὅλίγα
922 2132 952 2187 d’
970 2129 1055 2205 ἡδέως
1073 2135 1157 2208 ἔχειν,

462 2253 465 2260 -
553 2223 656 2273 πενίαν
675 2218 699 2274 τ’
718 2219 825 2274 τ’ίλυπυν
842 2221 948 2293 μᾶλλον
967 2217 984 2292 ἡ
1002 2221 1123 2275 πλοῦτον
1141 2222 1252 2296 πικρόν.

360 2315 392 2372 et
410 2329 429 2372 a
449 2308 632 2373 Philemone
655 2311 745 2390 frgm.
768 2312 808 2373 92
831 2308 931 2391 (Kock
955 2311 985 2373 II
1008 2331 1077 2395 pag.
1097 2309 1191 2391 506):

551 2401 596 2459 οῗεὶ
615 2401 645 2459 τὸ
664 2407 796 2460 πλουτεῖν
814 2399 958 2479 συμφορὰς
975 2403 1078 2468 πολλὰς
1096 2407 1155 2479 ἔχει

552 2490 704 2560 φθίνοντ’
723 2490 860 2565 ἐπήρειαν
879 2512 910 2547 τε
928 2495 976 2546 καὶ
992 2501 1073 2565 μΐσος
1091 2493 1161 2548 πολύ

550 2576 703 2650 πράγματα’
724 2597 754 2632 τε
771 2575 858 2632 πολλὰ
877 2575 1059 2652 κιίνοχλησεις
1075 2584 1178 2654 μυρίας

553 2663 669 2737 πράξεις
686 2684 717 2718 τε
735 2662 838 2726 πολλὰς
855 2667 990 2736 συλλογάς
1009 2687 1041 2721 τε
1060 2668 1110 2721 τοῦ
1127 2671 1196 2738 βίου.

553 2749 653 2806 ἔπειτα
668 2748 742 2825 μετὰ
761 2748 840 2806 ταῦτ’
859 2749 946 2813 elate
966 2748 1071 2825 εὑρέθη
1090 2752 1195 2819 θανών,

553 2836 646 2898 ἄλλοις
665 2840 838 2905 καταλείψας
857 2839 897 2899 εἰς
918 2836 1027 2912 τρυφὴν
1046 2837 1096 2911 την
1115 2837 1220 2894 οὐσίαν.

553 2921 623 2979 ὅθεν
640 2925 779 2979 πένεσθαι
797 2925 902 2996 μᾶλλον
922 2920 1005 2997 ἡδέως
1023 2927 1075 2999 ἔχω

553 3012 630 3084 &petr
648 3031 678 3066 τε
696 3011 799 3085 μέτρια
819 3007 995 3085 κᾶμέριμνυν
1013 3013 1062 3084 ζῆν
1079 3017 1140 3082 βίον

553 3100 601 3152 καὶ
618 3095 684 3170 μήτ’
705 3098 779 3170 ἔχειν
798 3096 913 3152 κλοῦτόν
930 3118 968 3170 με
985 3095 1059 3170 μήτε
1077 3097 1239 3172 πράγματα’

450 3189 482 3241 10
554 3186 608 3246 πᾶς
626 3181 681 3258 γὰρ
699 3185 785 3255 πένης
804 3180 843 3237 ὤν
860 3183 972 3257 μεγαλα
991 3185 1138 3258 κερδαίναι
1158 3187 1237 3241 κακά.

445 3292 535 3357 Nune
555 3292 594 3355 ad
607 3291 769 3354 Plautinas
791 3291 911 3354 fabulas
934 3300 968 3354 ut
991 3299 1195 3371 transeamus,
1216 3292 1312 3357 etiam
1334 3292 1367 3355 in
1390 3291 1430 3354 iis
1451 3311 1532 3354 unus

365 3391 480 3455 saltem
510 3392 595 3456 locus
627 3398 743 3469 exstat,
772 3390 804 3454 in
838 3411 898 3474 quo
929 3390 1022 3454 huius
1045 3391 1192 3477 Epicurei
1214 3392 1323 3479 plaoiti
1346 3391 1463 3455 mentio
1487 3392 1531 3454 fit.

362 3491 484 3576 Captiv.
508 3491 592 3556 enim
616 3513 645 3554 v.
668 3493 729 3555 324
748 3491 846 3572 Hegio
867 3491 996 3555 divitias
1018 3492 1161 3556 damnat:

466 3591 527 3643 Non
545 3606 593 3659 ego
613 3591 719 3644 omnino
738 3591 840 3642 luorum
862 3607 938 3643 omne
958 3607 1015 3643 esse
1037 3591 1103 3644 utile
1123 3591 1222 3644 homini
1242 3591 1379 3643 existimo:

467 3678 527 3731 Scio
546 3692 603 3745 ego,
623 3677 720 3729 multos
739 3678 789 3728 iam
810 3677 911 3729 luorum
932 3678 1079 3731 lutulentos
1098 3678 1217 3731 homines
1236 3676 1360 3730 reddidit.

466 3763 515 3816 Est
533 3765 611 3816 etiarn
631 3764 678 3815 ubi
697 3764 815 3832 prolecto
835 3764 959 3816 damnum
979 3769 1097 3832 praestet
1114 3764 1201 3817 faeere
1219 3780 1297 3833 quam
1316 3763 1427 3817 luorum.

468 3849 518 3903 Odi
535 3867 584 3919 ego
604 3867 713 3903 aurum:
739 3850 822 3903 multa
840 3851 930 3903 multis
951 3866 1030 3919 saepe
1050 3852 1135 3904 suasit
1151 3867 1298 3920 perperam.

364 3957 463 4034 Quam
487 3954 626 4039 simplici
647 3962 753 4018 autem
773 3955 860 4018 victu
883 3954 949 4039 ipse
974 3976 1049 4020 usus
1069 3955 1111 4019 sit
1132 3955 1295 4040 EpicuruS,
1320 3953 1443 4038 liquido
1461 3952 1534 4016 indo

367 4063 504 4139 apparet,
528 4055 610 4139 quod
632 4075 712 4137 aqua
735 4060 766 4118 et
787 4054 913 4138 polenta
939 4055 1015 4119 bene
1041 4055 1108 4119 vivi
1129 4076 1217 4140 posse
1239 4053 1450 4119 existimabat.

449 4174 494 4236 (ll.
517 4194 564 4257 ep.
587 4173 635 4236 ΙΙΙ
660 4173 734 4236 131:
758 4171 812 4232 καὶ
834 4170 922 4250 μα’ζα
943 4171 997 4233 καὶ
1019 4167 1108 4251 ὕδωρ
1129 4171 1190 4256 ario
1210 4171 1394 4252 ἀκροτάτην
1415 4167 1534 4232 ἀποδί-

364 4270 465 4335 δωσιν
486 4268 627 4353 ἡδονήν,
656 4269 795 4333 ἐπειδάν
816 4269 936 4332 εὐδεάιν
957 4293 1003 4343 τις
1024 4269 1111 4335 αὐτοὶ
1135 4276 1399 4354 προσενέγκηται.

447 4373 486 4438 Et
498 4376 588 4455 lrgm.
601 4373 662 4436 466
677 4370 841 4457 (Porphyr.
857 4372 895 4436 de
912 4369 1139 4453 abstin.148):
1156 4372 1222 4432 τῶν
1235 4370 1297 4451 γάρ
1308 4369 1535 4450 Ἐπικουρείων

364 4469 397 4534 οἱ
416 4471 548 4545 πλείους
571 4471 631 4534 ἀπ’
653 4471 757 4535 αὐτοῦ
777 4473 837 4535 τοῦ
865 4475 1044 4553 κορυφαίου
1072 4469 1251 4551 ἀρξάμενοι
1280 4469 1366 4552 μα’ζη
1387 4468 1442 4531 καὶ
1462 4468 1531 4541 τοῖς
