4075 5717
937 707 1144 772 ..33-

534 879 647 963 Aqno
677 902 736 945 non
760 882 931 968 discrepat,
965 888 1046 970 quod
1074 890 1240 957 Palinurus
1269 893 1394 961 domino
1425 899 1536 982 probro
1568 902 1623 967 dat

448 976 574 1042 Onrcnl.
596 1001 624 1044 v.
650 982 728 1044 175:

555 1079 694 1134 Enimvero
714 1099 816 1151 nequeo
835 1084 939 1152 durare,
958 1089 1024 1155 quin
1046 1105 1093 1157 ogo
1113 1106 1186 1143 erum
1210 1108 1330 1147 accusem
1352 1111 1446 1161 meum,

556 1172 622 1225 Nem
642 1174 767 1225 bonumst
785 1174 931 1240 pauxillum
954 1192 1131 1241 amaremus,
1150 1178 1243 1230 insane
1262 1195 1315 1232 non
1335 1181 1475 1235 bonumst:

553 1259 650 1311 Verum
670 1264 754 1311 totum
774 1260 896 1312 insanum
915 1277 1003 1314 amare
1023 1262 1072 1315 hcc
1090 1268 1139 1327 est,
1160 1265 1230 1332 quod
1251 1282 1324 1319 meus
1344 1283 1405 1320 erus
1423 1269 1495 1322 facit.

533 1346 629 1410 Panlo
660 1354 732 1409 ante
763 1346 863 1410 animi
886 1348 1150 1431 tranquillitatem
1174 1354 1497 1436 commemoravimus,
1526 1378 1620 1440 qnam

450 1445 597 1531 Epicurei
616 1466 758 1514 summo
799 1467 890 1531 opere
927 1447 1096 1532 impetrare
1136 1451 1302 1518 studebant
1336 1455 1442 1519 omnia
1474 1457 1619 1536 vitantes,

450 1546 567 1628 quibus
588 1545 713 1610 animus
739 1547 911 1612 excruciari
933 1557 1045 1632 posset.
1092 1550 1148 1612 His
1170 1559 1275 1615 autem
1297 1553 1329 1617 in
1352 1555 1444 1618 rebus
1466 1576 1535 1620 cnm
1558 1557 1622 1620 alia

446 1652 518 1709 tum
548 1645 755 1710 conscientiae
788 1667 933 1728 angorem
969 1668 1036 1711 esse
1070 1651 1299 1716 numerandum
1332 1675 1394 1717 non
1426 1653 1618 1736 ignorabant,

447 1766 544 1829 quem
567 1745 651 1809 omni
675 1753 814 1831 tempore
836 1745 986 1826 hominia,
1018 1749 1072 1832 qui
1095 1749 1283 1814 maleficium
1307 1753 1529 1835 commisisset,
1552 1755 1619 1819 ani·

447 1867 537 1909 mum
576 1844 744 1910 sollicitare
775 1847 998 1912 existimabant
1036 1857 1067 1912 et
1097 1871 1220 1914 omnem
1251 1852 1492 1936 tranquillitatis
1530 1876 1617 1939 spem

447 1947 659 2031 praecludere,
683 1970 764 2025 cnm,
785 1971 823 2012 ne
836 1950 933 2014 ceteri
948 1951 1069 2014 lacinus
1082 1950 1293 2031 resciscerent,
1309 1972 1431 2037 semper
1442 1953 1626 2042 periculum¹

445 2053 538 2110 essct.
583 2048 691 2132 ltaque
722 2071 782 2114 non
812 2044 964 2115 miramur
994 2052 1074 2115 hanc
1105 2058 1223 2115 sermm
1245 2051 1388 2116 stimulos
1411 2053 1617 2118 conscientiae

443 2154 596 2211 metuere.

530 2248 575 2312 Cf.
608 2249 699 2331 frgm.
730 2248 790 2312 397
833 2247 910 2329 (Cic.
943 2248 981 2312 de
1010 2249 1097 2313 finib.
1123 2251 1136 2314 l
1166 2248 1239 2330 50):
1283 2250 1379 2330 Quem
1414 2252 1458 2315 ad
1490 2253 1616 2317 modum

441 2350 606 2412 temeritas
639 2355 666 2412 et
696 2348 793 2412 libido
827 2355 854 2412 et
886 2350 1018 2431 ipnauia
1047 2369 1169 2434 semper
1202 2352 1345 2414 animiam
1377 2355 1561 2418 excruciant
1588 2363 1617 2419 et

442 2470 566 2534 semper
586 2450 758 2514 sollicitant
779 2449 1037 2535 turbulentaeque
1051 2457 1135 2528 sunt,
1159 2452 1204 2514 sic
1216 2451 1395 2535 inprobitas
1415 2452 1447 2516 si
1467 2454 1560 2517 cuius
1581 2455 1616 2518 in

441 2557 547 2613 mente
567 2550 714 2626 consedit,
736 2549 793 2614 boc
813 2552 881 2634 ipso
897 2551 979 2635 quod
994 2549 1082 2613 adest
1096 2549 1277 2614 turbulenta
1293 2558 1343 2615 est.
1376 2554 1407 2616 si
1421 2574 1491 2617 cero
1505 2555 1615 2619 molita
1706 2621 1708 2625 .

441 2650 608 2734 quippiam
631 2656 684 2729 est,
707 2651 850 2735 quamuis
871 2649 986 2714 occulte
1006 2650 1130 2731 fecerit,
1160 2672 1335 2732 numquam
1358 2658 1463 2717 tomen
1483 2654 1519 2717 id
1541 2676 1614 2719 acn-

437 2749 517 2832 fidet
537 2750 608 2831 fare
628 2770 750 2836 semper
762 2751 933 2814 occultum.
973 2752 1159 2836 plerumque
1176 2751 1384 2831 inproborum
1400 2753 1487 2835 facta
1505 2756 1613 2839 primo

440 2851 580 2935 suspicio
607 2851 803 2936 insequitur,
845 2850 919 2914 dein
950 2871 1050 2914 sermo
1081 2856 1171 2936 atque
1197 2850 1306 2932 fama,
1339 2860 1406 2917 tum
1437 2863 1611 2936 accusator,

440 2957 508 3014 tum
529 2950 635 3016 iudea.
771 2950 853 3037 quod
881 2953 910 3014 si
936 2951 991 3035 qui
1016 2951 1096 3014 satis
1125 2950 1188 3014 sibi
1215 2958 1325 3016 cantra
1352 2953 1515 3018 bominum
1540 2977 1612 3021 con-

439 3052 604 3115 scientiam
625 3051 726 3136 saepti
747 3070 815 3114 esse
835 3057 863 3115 et
881 3050 999 3114 muniti
1014 3050 1194 3132 videantur,
1217 3052 1347 3117 oleorum
1365 3061 1469 3118 tamen
1484 3054 1612 3120 horrent

440 3171 556 3232 easque
577 3153 665 3237 ipsas
683 3148 924 3229 sollicitudines,
947 3150 1062 3231 quibus
1077 3172 1184 3215 eorum
1203 3154 1306 3216 animi
1326 3156 1507 3235 „noctuque
1528 3155 1610 3220 dies·

439 3252 519 3338 que“
546 3250 737 3327 caeduntur,
768 3272 788 3313 a
818 3250 869 3313 dis
897 3251 1129 3315 immortalibus
1156 3251 1295 3335 supplici
1322 3273 1419 3317 causa
1449 3256 1610 3341 inportari

436 3359 562 3438 putant.
606 3372 687 3432 quae
718 3358 820 3414 autem
853 3355 943 3413 tanta
975 3370 1013 3413 eu
1044 3352 1187 3434 inprobis
1216 3352 1313 3434 factis
1346 3353 1389 3416 nd
1421 3356 1611 3420 minuendas

439 3455 524 3516 citae
548 3451 711 3527 ,molestias
744 3454 875 3517 accessio
898 3457 999 3537 potest
1031 3451 1104 3530 pieri
1135 3459 1255 3532 quanta
1284 3452 1328 3516 ad
1356 3453 1520 3534 carpendas
1541 3477 1610 3519 cum

437 3553 628 3616 conscientia
658 3552 819 3634 factorum
848 3560 915 3617 tum
937 3571 1044 3635 poena
1070 3552 1171 3630 lepum
1195 3552 1326 3633 odioque
1356 3554 1496 3618 ciuium?
1518 3604 1607 3620 .....

438 3648 510 3734 (53)
533 3651 647 3732 Itaque
667 3673 728 3716 nan
745 3653 781 3716 ab
798 3674 834 3716 ea
850 3651 950 3717 solum
969 3652 1177 3731 incommoda,
1200 3674 1279 3738 quae
1296 3654 1442 3716 eueniunt
1456 3655 1607 3734 inprobis,

434 3751 627 3836 sapiendam
649 3753 868 3836 inprobitatem
887 3758 1060 3837 putamus,
1083 3753 1139 3816 sed
1160 3755 1257 3817 multo
1279 3754 1371 3817 etiam
1394 3754 1506 3837 mapis,
1529 3756 1611 3839 quod

436 3854 588 3917 naiasin
609 3854 717 3917 animo
739 3861 898 3932 ansatur,
927 3873 1104 3933 nurnquum
1126 3854 1204 3916 sinit
1225 3874 1295 3917 eum
1316 3854 1495 3937 respirare,
1517 3873 1608 3915 num·

434 3975 535 4037 quam
558 3954 759 4038 acquiescere.

523 4053 715 4119 Ecce-idem
746 4061 941 4138 peccatorum
966 4074 1004 4116 ex
1026 4051 1215 4116 conscientia
1237 4052 1332 4116 timor
1363 4051 1396 4115 in
1419 4051 1609 4115 Mostellaria

432 4154 588 4220 Tranioni
601 4154 749 4232 exoritur,
765 4153 818 4237 qni
833 4159 995 4237 postquam
1008 4152 1170 4216 dominum
1183 4151 1390 4215 audacissime
1403 4151 1525 4225 fefellit,
1535 4151 1607 4223 iam,

431 4277 475 4321 ne
487 4254 594 4320 omnia
614 4253 776 4319 mendacia
793 4253 896 4338 palam
907 4254 991 4330 fiant,
1013 4262 1099 4315 metu
1119 4252 1304 4336 perterritus
1316 4252 1469 4316 exclamat
1489 4274 1516 4314 r.
1530 4253 1607 4315 543:

792 4352 832 4417 Ei,
852 4367 929 4420 quam
949 4353 1029 4403 timeo
1049 4353 1135 4403 miser.

645 4439 688 4492 Nil
707 4444 748 4492 est
768 4440 890 4492 miserius
910 4455 986 4507 qnam
1007 4440 1111 4490 animus
1132 4440 1245 4491 bominis
1267 4439 1398 4501 conscius,

591 4542 594 4547 ’
647 4526 722 4581 Siout
741 4542 781 4578 me
802 4526 869 4578 male
888 4526 975 4577 habet.

1410 4618 1426 4670 3
