4075 5717
924 708 1128 772 ..13-

517 881 561 947 Cf.
586 903 633 967 ep.
657 884 704 946 ΙΙΙ
730 886 804 950 124:
839 890 996 964 Συνέδιζε
1020 887 1058 948 δὲ
1091 885 1127 946 ἐν
1158 887 1203 964 τῷ
1225 885 1366 963 νομίζειν
1386 880 1490 962 μηδὲν
1518 880 1607 959 πρδς

432 977 517 1062 ἡμᾶς
548 971 633 1043 εἶναι
663 975 721 1044 τ’δν
757 981 919 1046 θάνατον.
975 985 1049 1048 ἐπεὶ
1085 988 1156 1047 πᾶν
1188 982 1320 1062 ἅγαθδν
1351 980 1405 1045 καὶ
1439 981 1539 1043 κακδν
1570 980 1605 1040 ἐν

432 1076 600 1165 αἰσθήσει·
653 1090 801 1164 στέρησις
833 1084 871 1145 δὲ
904 1084 998 1148 ἐστὶν
1036 1079 1228 1168 αἰσθήσεως
1260 1080 1279 1144 δ
1313 1080 1468 1153 θάνατος’.
1524 1074 1608 1142 ὅθεν

432 1182 546 1257 γνῶσις
568 1180 656 1264 ὀρθή
680 1184 740 1244 τοῦ
761 1183 865 1266 μηδὲν
887 1175 971 1247 εἶναι
993 1184 1075 1265 πρδς
1096 1185 1183 1268 ἡμᾶς
1205 1185 1264 1246 τδν
1286 1183 1438 1246 θάνατον
1460 1180 1607 1246 α’πολαυ·

433 1280 514 1341 σιδν
546 1286 637 1344 ποιεῖ
667 1283 706 1344 τδ
738 1286 794 1366 τῆς
828 1286 906 1367 ζωῆς
940 1285 1085 1366 θνητόν,
1119 1284 1178 1347 utin
1208 1282 1347 1366 ἄπειρον
1380 1287 1607 1365 προστιθεῖσα

431 1377 549 1462 χρόνον
571 1381 657 1444 α’λλδ
680 1384 739 1445 τδν
759 1387 816 1458 τῶς
837 1383 1028 1459 ἀθανασίας
1050 1385 1237 1469 ἀφελομένη
1258 1382 1381 1449 πόθον.
1426 1383 1523 1450 ου’δὲν
1544 1381 1606 1466 γάρ

433 1481 524 1542 ἐστιν
556 1481 592 1543 ἐν
625 1486 669 1564 τῷ
703 1486 759 1559 ζῶν
802 1485 911 1549 δεινδν
949 1489 995 1567 τῶ
1027 1487 1235 1570 κατειληφότι
1268 1491 1405 1569 γνησίως
1433 1483 1472 1549 τδ
1504 1479 1609 1569 μηδὲν

433 1579 594 1661 ὑπάρχειν
617 1585 652 1646 ἐν
673 1589 719 1666 τῷ
741 1586 786 1672 μή
808 1589 864 1674 ζῆν
879 1584 995 1653 δεινόν.
1043 1584 1284 1670 ῶστεζμοὶταιος
1306 1586 1325 1652 o‘
1346 1586 1446 1669 λέγων
1464 1589 1607 1650 δεδιέναι

432 1681 491 1742 adv
508 1682 660 1749 dulcator
689 1686 747 1768 οὐχ
769 1685 820 1753 ὅτι
849 1689 990 1772 λυπήσει
1012 1686 1144 1770 παρῶν,
1178 1688 1249 1754 ἄλλ’
1271 1676 1325 1754 δτι
1343 1691 1445 1754 λυπεῖ
1462 1689 1597 1772 μέλλων.

433 1788 453 1857 ὃ
483 1794 544 1874 γδρ
576 1789 684 1873 παρδν
707 1789 774 1854 »οὐκ
803 1790 944 1871 ἐνοχλεῖ,
977 1789 1254 1872 προσδοκώμενον
1285 1796 1385 1866 κενῶς
1415 1793 1523 1859 λυπεῖ.
1565 1811 1609 1856 το,

434 1893 699 1977 φρικωδέστατον
731 1881 789 1957 οὖν
819 1895 885 1953 τῶν
904 1895 1012 1953 κακῶν
1043 1891 1060 1953 δ
1093 1892 1240 1965 θάνατος
1271 1891 1370 1955 οὐδὲν
1400 1895 1481 1977 πρδς
1509 1895 1607 1980 ἡμᾶς’

434 1989 615 2077 ἐπειδήπερ
638 1986 719 2055 ὅταν
739 1996 802 2073 μὲν
824 1993 916 2074 ἡμεῖς
937 1982 1034 2072 ῶμεν,
1058 1991 1077 2055 o‘
1100 1993 1248 2065 θάνατος
1264 1993 1303 2055 ου’
1319 1991 1489 2074 πάρεστιν·
1526 1991 1607 2058 ὅταν

433 2094 463 2155 δ’
485 2092 503 2155 δ
524 2092 673 2166 θάνατος
695 2095 795 2176 παρῇ,
818 2091 894 2156 τόθ’
915 2093 1008 2174 τ’νμεῖς
1029 2091 1087 2156 ουίι
1109 2079 1219 2172 ἐσμεν.
1263 2089 1339 2156 οὕτε
1357 2083 1416 2158 οὖν
1435 2095 1517 2175 πρδς
1532 2095 1607 2169 τοδς

434 2188 718 2274 τετελευτηκότας,
752 2192 933 2272 ἐπειδδπερ
963 2193 1038 2272 περὶ
1069 2190 1122 2266 οὓς
1142 2197 1204 2274 μὲν
1231 2193 1291 2256 ου’κ
1315 2196 1421 2272 ἔστιν,
1454 2194 1487 2258 οἳ
1506 2196 1537 2257 δ’
1556 2184 1617 2259 ou’·⁴

435 2301 502 2355 κε’τι
524 2291 617 2356 εἰσίν.
660 2292 736 2356 Ἀλλ’
767 2290 798 2354 οἱ
818 2291 933 2356 πολλοὶ
962 2293 1021 2354 adr
1053 2291 1206 2357 θάνατον
1228 2295 1284 2357 ort
1306 2299 1368 2376 μὲν
1390 2297 1431 2369 ῶς
1452 2302 1606 2376 μέγιστοι·

434 2396 500 2453 τῶν
527 2395 635 2454 κακῶν
666 2388 857 2474 φεύγουσιν,
891 2391 945 2455 δτδ
977 2394 1014 2454 δὲ
1044 2393 1085 2466 ῶς
1113 2390 1306 2458 ἀνάπαυσιν
1329 2398 1394 2457 τῶν
1420 2396 1456 2458 ἐν
1483 2398 1531 2476 τῷ
1552 2399 1609 2478 ζῆν

434 2490 563 2573 <κακῶν
600 2490 778 2572 αἱροῦνται.
830 2492 847 2555 δ
886 2495 925 2556 δὲ
955 2494 1060 2577 σοφδς
1101 2489 1177 2557 οὔτε·
1210 2499 1420 2575 παραιτεῖται
1451 2497 1489 2557 cd
1528 2495 1608 2579 ζῆν)

435 2587 513 2656 οὔτε
536 2582 688 2675 φοβεῖται
709 2594 747 2655 τδ
769 2593 815 2677 μή
839 2597 903 2679 ζῆν.
948 2588 1025 2656 οὔτε
1053 2595 1115 2676 γάρ
1136 2594 1227 2676 ariaci
1248 2599 1470 2676 προσίσταται
1490 2595 1528 2657 τδ
1551 2598 1608 2672 ζῶν

435 2689 510 2757 οὔτε
532 2692 704 2770 δοξάζεται
722 2695 823 2757 κακδν
844 2685 933 2757 εἶναι’
952 2717 984 2757 τι
1005 2695 1044 2758 τδ
1066 2695 1111 2775 με)
1134 2697 1199 2775 ζῆν.

517 2796 603 2858 ldem
618 2797 660 2865 ,de
671 2804 769 2860 morte
781 2795 934 2859 iudicium
948 2796 1070 2880 Captiv.
1083 2817 1111 2858 v.
1124 2797 1182 2860 741
1208 2795 1372 2878 Tyndarus
1394 2816 1502 2859 servus
1526 2795 1608 2871 tacit,

435 2915 528 2977 quem
551 2896 752 2979 compedibus
776 2896 918 2958 uinctum
943 2895 976 2958 in
1000 2894 1187 2979 lapicidinas
1211 2895 1296 2959 mitti
1318 2895 1404 2958 iubet
1423 2895 1542 2976 Hegio:

573 2996 626 3046 Gur
645 3011 693 3062 ego
713 2999 739 3046 te
759 2993 899 3062 (Hegione)
920 2996 1002 3047 invito
1024 3011 1063 3047 me
1082 3011 1140 3048 esse
1160 2995 1261 3048 salvom
1280 2995 1431 3064 postulem?

574 3081 703 3134 Fericium
724 3083 793 3133 vitae
813 3098 885 3133 meae
905 3088 950 3134 tuo
970 3087 1024 3134 stat
1043 3082 1169 3151 periculo.

574 3169 638 3221 Post
652 3175 759 3222 mortem
779 3170 807 3222 in
828 3173 909 3221 morte
928 3169 965 3221 nil
985 3169 1115 3238 estquod
1136 3174 1250 3221 metuam
1271 3170 1341 3221 mati.

574 3256 607 3308 Et
626 3257 648 3309 si
669 3258 774 3324 pervivo
794 3256 930 3324 usquead
951 3273 1079 3308 summam
1100 3261 1223 3312 aetatem.
1243 3261 1339 3308 tamen.
1367 3292 1368 3295 κ

576 3343 657 3395 Breve
677 3344 820 3410 spatiumst
840 3343 1000 3411 perferundi,
1019 3360 1088 3411 quae
1108 3343 1214 3395 minitas
1235 3342 1306 3394 milri.

435 3430 557 3492 Dixerit
591 3435 717 3494 tortasse
739 3431 897 3515 quispiam
920 3430 1015 3493 etiam
1040 3430 1171 3512 Cynicos
1202 3449 1326 3513 eosque.
1346 3437 1466 3492 secutos
1488 3427 1606 3491 Stoicos

436 3538 567 3593 mortem
591 3531 824 3614 contempsisse,
848 3539 883 3594 ut
905 3551 941 3594 ex
956 3531 1068 3594 horum
1087 3529 1255 3614 disciplina
1272 3530 1327 3593 hoc
1344 3529 1461 3593 dictum
1480 3531 1606 3594 duxisse

435 3630 518 3693 credi
550 3639 660 3713 posset.
706 3631 837 3703 Mortem
867 3652 928 3695 non
957 3652 1024 3694 esse
1058 3631 1176 3694 malum
1206 3629 1254 3693 illi
1285 3651 1407 3713 quoque
1430 3630 1605 3714 philosophi

434 3730 491 3793 etsi
510 3752 583 3793 saue
603 3730 830 3810 iudicauerunt,
853 3738 958 3795 tamen
972 3732 1009 3795 ad
1024 3731 1196 3795 Stoicorum
1216 3734 1329 3794 fontem
1345 3730 1429 3793 locus
1441 3729 1605 3818 Plautinus

435 3830 497 3892 iam
522 3831 578 3893 bac
601 3830 638 3893 de
660 3852 752 3894 nausa
769 3830 902 3894 minime
916 3839 1017 3916 potest
1038 3831 1189 3908 recedere,
1214 3831 1294 3914 quod
1314 3830 1389 3892 baec
1402 3839 1484 3892 secta
1508 3830 1604 3894 vitam

434 3950 500 3991 esse
524 3937 592 4013 post
623 3938 752 3994 mortem
778 3931 995 4010 existimabat,
1026 3931 1058 3993 iu
1080 3951 1141 4013 qua
1163 3928 1287 3993 animae
1311 3929 1462 3993 malorum
1489 3930 1605 4017 poeuis,

437 4029 584 4093 bonorum
606 4031 753 4114 praemiis
784 4032 991 4095 allicerentur.
1037 4031 1166 4092 Restant
1189 4028 1308 4113 Cynici.
1352 4028 1411 4092 Sed
1445 4051 1483 4091 ne
1505 4031 1542 4093 de
1566 4030 1606 4092 iis

436 4129 562 4210 quidem
586 4131 801 4214 cogitabimus.
848 4133 913 4195 lam
937 4152 1030 4215 supra
1050 4130 1134 4193 enirn
1154 4129 1292 4192 vidimus
1307 4130 1339 4192 in
1357 4129 1491 4213 epistula
1514 4130 1605 4191 tertia

435 4238 565 4292 mortem
591 4230 633 4292 nil
658 4231 697 4294 ad
720 4252 774 4295 nos
797 4231 953 4315 pertinere
977 4238 1125 4314 perpetuo
1147 4238 1286 4312 repetere
1312 4229 1497 4312 Epicurum,
1530 4249 1606 4312 quas

434 4329 599 4413 epistulas,
633 4338 668 4392 ut
691 4353 709 4393 a
731 4330 896 4415 discipulis
918 4331 1150 4410 ediscerentur,
1180 4351 1198 4390 a
1228 4328 1376 4409 magistro
1399 4328 1516 4391 scimus
1538 4347 1604 4390 esse

434 4429 631 4513 conscriptas
677 4429 769 4495 Omni
798 4431 887 4495 modo
917 4429 1014 4511 igitur
1044 4430 1122 4493 lianc
1152 4428 1339 4492 sententiam
1371 4427 1535 4512 discipulis
1559 4428 1604 4491 in·

434 4529 555 4594 dulcare
585 4530 729 4596 studebat
751 4533 914 4617 Epicurus.
968 4530 1074 4614 Atque
1094 4529 1188 4592 etiam
1220 4528 1429 4592 arbitrabatur
1459 4528 1605 4592 nonnisi
