4075 5717
911 686 1118 744 -ῃ-

514 863 558 925 Cf.
573 864 662 942 srgm.
675 862 735 924 342
754 860 881 942 (Aetius
893 859 1006 942 (Plus.)
1020 863 1047 923 V
1060 865 1108 940 20,
1122 865 1141 925 ‘2
1165 885 1232 946 pag.
1245 864 1306 928 432
1318 861 1378 943 D):
1403 859 1603 943 Δημόκριτος

432 962 616 1040 Ἐπίκουρος
637 963 680 1023 eoi
700 960 835 1041 οὐράνια
859 960 932 1043 <urin
954 960 1178 1038 ἀποδέχονται
1202 965 1265 1042 ζῷα
1288 954 1395 1043 εἶναι).

519 1063 566 1125 Et·
581 1062 700 1126 ibidem
725 1061 937 1144 (Augustinus
961 1062 998 1124 de
1031 1061 1157 1125 civitate
1180 1063 1231 1126 dei
1261 1063 1366 1126 XVIiI
1388 1059 1460 1142 41):
1492 1061 1604 1125 Nonne

432 1163 520 1246 opud
544 1162 686 1237 Attienus
708 1169 735 1226 et
752 1162 905 1245 Epicurei
926 1161 1087 1226 clarebunt
1105 1163 1286 1225 adserentes
1308 1184 1359 1227 res
1379 1162 1539 1225 humanos
1561 1163 1605 1226 ud

433 1264 563 1325 deorum
586 1284 698 1325 curum
717 1283 782 1325 non
799 1264 975 1346 pertinere,
999 1268 1027 1324 et
1048 1262 1160 1338 Stoici,
1182 1264 1239 1343 quii
1259 1265 1421 1326 contrario
1442 1265 1606 1327 sentientes

433 1384 485 1424 eos
507 1364 574 1445 aopi
596 1369 688 1447 atquc
705 1363 826 1425 inuniri
850 1361 913 1425 diis
931 1362 1132 1425 adiutoribus
1153 1369 1180 1425 et
1200 1363 1356 1426 tutoribus
1373 1362 1605 1447 disputabunt?

440 1462 529 1528 Une
550 1464 659 1538 neiron,
683 1484 740 1526 eur
763 1464 979 1546 Anunuporos
1001 1481 1076 1525 rens
1095 1461 1202 1543 foetus
1223 1464 1281 1541 sit,
1310 1464 1387 1548 quio
1408 1465 1503 1527 sotem
1525 1463 1608 1526 uicit

434 1582 498 1624 osse
527 1562 666 1641 lapidem
695 1562 873 1642 ardentem,
907 1563 1159 1646 perpensatione
1188 1563 1296 1644 denen,
1330 1583 1401 1646 ceren
1432 1563 1467 1625 in
1501 1563 1609 1626 eodem

433 1664 558 1725 ciuitate
585 1663 692 1741 ,utorio
721 1662 866 1738 floruerit
889 1661 1051 1747 Epicuros
1072 1663 1245 1743 picemque
1266 1683 1395 1727 secu-ras
1416 1683 1480 1725 non
1505 1665 1608 1728 solnm

435 1762 530 1824 solem
551 1765 598 1825 oet
621 1761 722 1826 nilum
745 1763 885 1825 siderum
909 1762 1002 1825 eleum
1025 1780 1174 1826 essenon
1198 1763 1337 1838 credens,
1360 1763 1417 1826 sed
1438 1762 1608 1826 necionem

435 1883 489 1925 nec
520 1863 620 1926 nilum
651 1864 781 1926 deornm-
802 1863 929 1926 omnino
951 1863 987 1924 in
1016 1863 1134 1926 mundo
1156 1862 1300 1928 habitare
1328 1864 1532 1942 contendens,
1566 1864 1610 1934 ud

434 1984 525 2042 ouem
546 1982 654 2041 proces
675 1961 837 2025 hominnm
859 1963 1163 2048 supplicationesque
1179 1965 1375 2048 perueniunt.

518 2062 727 2126 Statuendum
757 2062 854 2144 igitur
887 2070 934 2126 est
966 2062 1109 2126 versibus
1143 2064 1209 2127 iilis
1244 2064 1396 2128 Graecum
1430 2062 1610 2126 Mercatoris

435 2169 610 2243 auctorem,
644 2162 862 2251 Philemonem
873 2161 897 2243 ¹)
930 2161 1117 2246 Epicuream
1149 2171 1289 2228 secutum
1328 2185 1466 2249 pugnare
1504 2169 1611 2226 contra

436 2262 611 2326 Stoicorum
645 2263 746 2342 diem,
778 2270 918 2341 noctem,
952 2262 1054 2326 sidera
1084 2264 1156 2327 dens
1186 2264 1395 2328 iudicantium
1425 2263 1609 2342 doctrinam,

437 2384 529 2445 quam
544 2363 576 2425 in
596 2363 764 2427 comoediis
776 2362 901 2448 saepius
922 2362 1017 2426 fuisse
1030 2371 1212 2446 usurpatam
1227 2364 1283 2427 hoc
1296 2363 1363 2448 ipso
1376 2363 1441 2427 loco
1453 2363 1609 2427 docemur.

518 2463 677 2527 Postremo
694 2464 787 2527 verba
806 2472 879 2526 sunt
897 2463 1038 2526 facienda
1053 2464 1091 2525 de
1109 2463 1239 2527 Casinas
1256 2478 1286 2526 v'.
1300 2464 1361 2527 345
1374 2472 1424 2546 sq.v
1464 2462 1610 2548 Olympio

438 2572 468 2625 et
491 2563 641 2626 Chalinus
663 2563 746 2627 servi
769 2572 900 2646 uterque
923 2563 1070 2626 Casinam
1093 2584 1220 2626 uxorem
1244 2571 1370 2646 petunt,
1401 2584 1532 2646 quorum
1556 2562 1610 2626 ilie

437 2663 646 2745 aLysidamo
669 2662 813 2745 domino,
846 2663 1143 2741 hicaCleostrata,
1177 2661 1266 2725 iilius
1288 2683 1402 2743 uxore,
1434 2663 1610 2726 adiuvatur.

400 2795 402 2800 ·
438 2764 502 2826 Hoc
533 2771 689 2827 certarnen
720 2772 755 2826 ut
785 2764 912 2826 tandem
935 2761 1104 2845 aliquando
1126 2761 1337 2841 discernatur,
1370 2784 1476 2827 servos
1507 2762 1611 2826 sortiri

439 2863 525 2926 iubet
547 2885 651 2928 senex.

647 2962 714 3025 Quid
737 2963 758 3015 si
779 2979 836 3015 sors
856 2963 932 3014 aliter
951 2978 1029 3029 quam
1050 2961 1122 3014 votes
1142 2962 1280 3014 evenerit?

439 3052 561 3136 quaerit
584 3051 740 3135 Olympio.

647 3151 778 3205 Benedice
798 3151 838 3203 dis
858 3167 915 3204 sum
935 3149 1028 3213 fretus,
1047 3148 1110 3202 deos
1125 3150 1300 3217 sperabimus.

439 3239 606 3323 respondet
628 3238 823 3321 Lysidamus.
868 3238 947 3301 Tum
971 3257 1098 3299 servus:

648 3339 706 3390 Non
725 3354 773 3406 ego
793 3339 863 3390 istuc
883 3338 989 3389 verbum
1007 3337 1117 3404 empsim
1139 3335 1297 3389 titivittieio:

647 3426 712 3478 Nam
733 3440 827 3481 omnes,
843 3423 966 3476 mortales
986 3422 1043 3475 deis
1064 3427 1128 3475 sunt
1146 3424 1223 3475 freti:
1243 3423 1289 3477 sed
1311 3429 1399 3475 tamen

649 3511 709 3565 Vidi
729 3527 777 3579 ego
798 3510 855 3562 deis
874 3509 955 3562 fretos
975 3525 1055 3577 saepe
1075 3509 1171 3562 multos
1191 3510 1286 3578 decipi.

441 3601 560 3677 Quibus
582 3599 613 3662 in
637 3598 780 3661 versibus
803 3597 883 3681 quod
907 3597 945 3659 ad
970 3596 1097 3659 deorum
1120 3596 1274 3660 auxilium
1298 3597 1419 3675 attinet,
1442 3597 1498 3660 hac
1521 3596 1558 3658 de
1581 3616 1613 3658 re

441 3703 504 3764 iam
527 3701 603 3764 satis
626 3700 744 3762 dictum
770 3706 833 3777 est,
863 3697 1035 3760 sedetiam
1061 3695 1147 3759 aliud
1172 3691 1403 3782 respiciendum
1426 3704 1481 3765 est,
1526 3695 1613 3778 Lysi·

441 3802 552 3864 damus
575 3800 658 3863 enim
682 3799 714 3863 di
735 3798 811 3882 quid
841 3798 897 3861 hac
925 3797 957 3861 in
991 3819 1024 3861 re
1048 3796 1148 3860 velint
1169 3805 1200 3860 et
1233 3797 1294 3860 utri
1318 3799 1442 3860 faveant
1468 3809 1550 3860 sorte
1582 3816 1614 3858 se

443 3922 625 3984 cognoscere
645 3920 733 3983 posse
755 3898 883 3963 confidit
907 3905 947 3977 et,
971 3919 1042 3961 cum
1061 3897 1129 3980 ipse
1147 3896 1196 3960 dis
1215 3898 1312 3959 fretus
1331 3896 1382 3977 sit,
1405 3896 1476 3961 ilios
1492 3915 1614 3979 quoque

443 4023 475 4064 se
488 4022 554 4064 esse
569 4000 734 4063 adiuturos
745 4007 856 4083 sperat.
901 3997 947 4061 De
963 3998 1092 4060 deorum
1107 3996 1205 4078 igitur
1218 3994 1378 4060 voluntate
1395 3995 1614 4078 cognoscenda,

442 4103 499 4166 hoc
522 4110 568 4164 est
590 4101 627 4163 de
649 4099 843 4163 divinatione
872 4098 975 4182 agitur
1006 4105 1038 4160 et
1067 4118 1103 4160 ea
1130 4097 1168 4160 de
1190 4117 1282 4160 causa
1304 4097 1399 4160 etiam
1425 4093 1612 4176 ,benedice“

442 4202 586 4266 adicitur.
633 4202 709 4264 Nam
734 4201 806 4285 quis
828 4208 893 4282 est,
924 4200 1000 4284 quin
1033 4197 1127 4277 sciat,
1163 4204 1352 4281 quantopere
1382 4197 1415 4259 in
1446 4195 1495 4259 his
1522 4189 1615 4259 rebus

443 4303 538 4366 verba
559 4301 636 4365 maii
659 4301 775 4366 ominis
804 4301 933 4365 vitanda
953 4300 1028 4364 siut.
1079 4300 1166 4362 Hanc
1194 4296 1420 4361 divinationem
1443 4294 1615 4360 contemnit
