4075 5717
928 735 1134 798 ..19-

647 908 753 978 ζητοῦσι
772 909 893 981 συνεχῶς
914 904 972 963 οἷόν
990 906 1047 963 ἐστ’
1065 907 1117 964 cdx
1137 909 1250 970 εἰδότες.

508 993 541 1045 10
647 989 748 1047 οόκοῦν
767 987 783 1046 ό
800 991 829 1065 γ’
849 993 899 1049 οόκ
918 995 1035 1069 ἔχουσιν,
1055 992 1189 1066 ἀγνοοῦσι
1208 996 1248 1064 δέ,

647 1076 711 1134 οὔδ’
729 1076 764 1132 ἂν
783 1080 868 1154 ἑτέρῳ
888 1082 1009 1153 δοίησαν.
1046 1084 1072 1136 Β
1091 1078 1162 1137 οὕτω
1180 1085 1317 1142 συνδοκεῖ.

604 1172 627 1218 Α
644 1164 784 1239 μα’γειρος
804 1155 839 1237 ἧν
858 1164 995 1232 κάκεῖνος,
1014 1156 1036 1220 ὦ
1054 1168 1092 1241 γῆ
1110 1172 1157 1223 καί
1176 1174 1250 1226 θεοί.

605 1255 631 1305 Β
648 1260 727 1313 ποῖος
744 1253 899 1326 μα’γειρος,·
917 1260 940 1306 Α
961 1249 976 1325 'l
998 1252 1080 1322 φόσις
1096 1254 1186 1327 πόσης
1205 1256 1304 1330 τέχνης

647 1335 802 1412 όρχὲγονόν
819 1337 882 1394 ἐστ’.
910 1342 936 1392 Β
954 1338 1117 1413 ιῖρχὲγονον,
1135 1330 1267 1417 ιόλιτήριε
1276 1365 1288 1412 ,·

509 1426 540 1479 15
599 1431 622 1478 Α
642 1428 692 1479 οὐκ
712 1425 788 1479 ἔστιν
806 1424 887 1480 οὐδὲν
906 1426 955 1480 τοῦ
972 1435 1074 1481 πονεῖν
1092 1432 1258 1503 σοφώτερον,

645 1512 701 1565 πᾶν
722 1510 835 1585 εὐχερές
853 1531 883 1566 τε
899 1511 1016 1586 πρᾶγμα
1038 1514 1088 1569 τοῦ
1105 1512 1191 1586 λόγου
1209 1512 1310 1591 τριβὴν

646 1598 739 1670 ἔχοντι
759 1593 867 1652 τοότοο·
886 1594 1048 1673 πολλὰγὰρ
1067 1603 1257 1672 συμβάλλεται.

645 1682 743 1756 διόπερ
761 1688 898 1758 μάγειρον
918 1679 985 1738 όταν
1003 1686 1065 1760 ἴδῃς
1083 1682 1269 1760 όγρὰμματον

645 1767 684 1843 μὴ
704 1774 879 1844 Δημόκριτόν
900 1790 930 1826 τε
948 1770 1044 1844 τιοὶνταΥ
1061 1773 1277 1844 διανεγνωκότα,

644 1856 799 1928 μᾶλλονδὲ
818 1861 971 1931 κατέχοντα
992 1859 1145 1931 [καταγέλα
1164 1855 1201 1922 οἷς
1219 1861 1315 1931 κενοιῆ

644 1945 692 1996 καὶ
711 1939 760 1996 τόν
775 1945 938 2017 Ἐπικούρου
957 1946 1070 2013 κανόνα,
1088 1950 1235 2018 μινθώσας
1254 1945 1325 2018 ἄφες
1392 2007 1394 2009 ‚

643 2024 681 2091 οἷς
699 2028 731 2084 ἐκ
750 2030 890 2104 διατριβῆς
909 2033 966 2085 κτλ.

436 2119 587 2201 Loquitur
608 2119 665 2183 hoc
686 2119 721 2182 in
741 2121 913 2202 fragmento
934 2120 1096 2204 imprimis
1120 2146 1246 2208 coquuS,
1270 2124 1326 2209 qui
1338 2125 1466 2210 Epicuri
1490 2146 1523 2188 se
1542 2145 1609 2188 esse

435 2218 626 2304 discipulum
656 2219 806 2302 gloriatur
835 2228 866 2284 ct
894 2228 960 2284 tam
982 2223 1096 2287 acriter
1129 2225 1242 2289 studiis
1274 2226 1416 2310 coquinis
1437 2226 1520 2311 apud
1545 2247 1609 2288 ma-

435 2320 567 2400 gistrum
590 2341 622 2384 se
645 2320 781 2401 dedidit,
803 2328 868 2384 tarn
892 2321 1028 2387 multum
1055 2324 1186 2407 didicit,
1216 2334 1251 2389 ut
1273 2326 1357 2390 intra
1376 2327 1436 2390 duo
1458 2347 1556 2389 annos
1578 2333 1610 2389 et

435 2420 542 2484 decem
564 2421 629 2483 fere
657 2441 780 2484 menses
809 2429 954 2504 quattuor
976 2423 1096 2488 talenta
1117 2425 1151 2490 in
1190 2427 1312 2490 fumum
1342 2425 1533 2491 dissoluerit
1559 2425 1607 2490 vel

437 2520 550 2604 potiuS,
572 2529 608 2583 ut
630 2521 771 2601 verbum,
794 2541 855 2604 quo
872 2521 981 2604 utitur,
1006 2521 1179 2606 imitemur,
1202 2526 1440 2611 consumpserit.
1485 2526 1608 2609 Coquus

434 2620 536 2698 euim,
567 2619 621 2704 qui
652 2620 793 2702 magistri
820 2641 930 2684 verum
962 2643 994 2686 sc
1026 2626 1187 2691 ostendere
1216 2626 1285 2690 vult
1317 2626 1507 2710 discipulum
1533 2647 1607 2690 voce

436 2749 495 2790 non
520 2726 563 2790 ita
577 2726 693 2791 usitata
709 2727 761 2791 sed
778 2727 887 2791 abillo
909 2728 1052 2792 adhibita
1066 2727 1167 2791 utitur
1176 2752 1185 2806 ;
1209 2748 1281 2790 nam
1301 2715 1531 2803 καταπυκνοῦν
1546 2725 1609 2810 τήν

436 2824 572 2911 ἡδονήν,
603 2829 797 2891 σοαόεαεανα
825 2836 852 2890 et
881 2828 1022 2914 undique
1047 2817 1197 2910 pacificare
1223 2827 1380 2890 notionem
1401 2827 1569 2910 uolrcptutis
1582 2823 1608 2907 ¹)

434 2927 533 3012 ipsius
556 2935 603 2991 est
624 2928 751 3013 Epicuri
774 2927 897 2993 locutio
1279 2973 1281 2978 -

516 3035 561 3099 uf.
581 3059 607 3098 κ.
629 3034 658 3099 ό.
674 3034 720 3099 IX
742 3031 1044 3118 (niog.L.X142):
1068 3032 1099 3096 εἰ
1117 3035 1361 3095 κατεπυκνοῦτο
1382 3035 1480 3094 πᾶσα
1501 3030 1605 3114 ἡδονή

433 3134 486 3197 καὶ
518 3133 623 3216 χρόνῳ
651 3134 705 3196 καὶ
733 3134 809 3214 περὶ
833 3129 910 3196 ὅλον
941 3133 979 3195 τό
1013 3127 1187 3214 ἄθροισμα
1217 3127 1410 3217 ότιῆρχενῆ
1431 3131 1473 3194 τό
1495 3128 1605 3211 κυριώ-

432 3257 517 3296 τατα
534 3242 615 3317 μέρη
633 3236 689 3319 τῆς
705 3233 843 3316 φύσεως,
865 3232 923 3296 οὐκ
942 3229 985 3295 dv
999 3257 1081 3296 ποτε
1096 3237 1247 3316 διέφερον
1266 3228 1416 3318 α’λλήλιον
1431 3229 1467 3293 αἱ
1476 3230 1603 3314 ἠόοναί.

515 3351 667 3416 Versibus
697 3351 810 3415 deiude
833 3352 906 3416 inde
935 3352 974 3414 ab
996 3354 1014 3415 7
1039 3342 1198 3435 usquead
1224 3353 1260 3414 11
1282 3349 1457 3434 discipulus
1479 3348 1517 3412 de
1538 3371 1602 3412 ma-

433 3452 529 3534 gistro
551 3451 635 3515 idem
655 3452 822 3537 praedicat,
851 3452 931 3536 quod
954 3451 1110 3535 Epicurus
1130 3451 1198 3536 ipse
1221 3451 1259 3514 de
1281 3471 1314 3514 se
1335 3449 1542 3531 gloriabatur:
1572 3469 1605 3512 so

433 3552 551 3632 solum,
584 3552 660 3636 quid
682 3551 724 3614 sit
747 3552 860 3615 bonum
884 3559 915 3614 et
942 3550 1015 3614 finis
1038 3551 1139 3630 vitae,
1173 3557 1255 3614 recte
1278 3549 1490 3635 perspexisse,
1523 3548 1604 3632 quod

435 3654 548 3716 bonum
571 3650 763 3735 voluptatem
786 3672 852 3715 esse
876 3660 968 3736 patet.
1012 3649 1131 3715 Stoicos
1154 3658 1269 3728 autem,
1294 3648 1396 3734 pergit
1419 3669 1546 3732 coquus,
1569 3656 1604 3712 ut

432 3752 531 3832 etiam,
550 3751 745 3815 adversariae
768 3758 869 3815 sectae
888 3751 1010 3836 plagam
1037 3751 1156 3831 iniciat,
1181 3751 1297 3814 bonum
1318 3749 1447 3833 quidem
1469 3755 1500 3812 et
1520 3747 1604 3832 ipsos

434 3873 598 3934 quaerere,
627 3857 765 3914 attamen
787 3871 888 3934 neque
910 3850 993 3936 ipsos
1016 3851 1175 3914 invenisse
1198 3841 1299 3933 neque
1322 3858 1439 3912 cetoros
1461 3847 1604 3910 homines

433 3972 522 4035 posse
544 3951 662 4016 docere.
707 3950 811 4027 Quid?
841 3951 923 4035 quod
945 3972 1038 4014 versu
1060 3953 1097 4015 a]
1123 3950 1240 4014 iterum
1262 3950 1300 4013 ad
1324 3949 1496 4034 Epicurum
1519 3947 1603 4010 dele-

433 4073 551 4134 gamur.
594 4053 705 4116 Totam
732 4051 818 4116 enim
849 4051 1076 4136 philosophiam
1104 4050 1137 4114 in
1166 4059 1229 4114 tres
1257 4057 1362 4135 partes
1392 4047 1502 4113 divisit
1529 4046 1603 4131 Epi-

433 4173 535 4232 curus,
565 4151 755 4228 canonicam‚
786 4151 959 4236 physicam,
993 4151 1145 4229 ethicam3
1176 4149 1349 4212 sententiae
1376 4155 1482 4211 autem
1504 4146 1603 4232 partis

435 4251 600 4315 canonicae
623 4251 795 4336 explicatae
817 4260 905 4315 eraut
928 4251 1018 4332 libro,
1042 4252 1093 4315 cui
1115 4249 1277 4334 inscripsit
1300 4247 1377 4328 περὶ
1398 4251 1560 4330 κριτηρίου
1583 4243 1605 4330 ἤ

431 4373 549 4414 nat’wv.

503 4539 527 4609 1)
547 4542 585 4596 of.
605 4545 680 4597 Kock
699 4560 758 4612 pag.
777 4543 836 4596 352.
