4075 5717
916 705 1123 770 ..31-

538 877 691 963 Denique,
733 887 767 945 ut
806 881 901 946 huius
931 885 1030 969 partis
1067 886 1162 948 finem
1202 885 1368 963 faciamus,
1410 889 1603 953 conferamus

431 977 779 1045 Heautontimorumeni
800 1002 908 1047 versus
930 985 991 1048 745
1009 1005 1055 1068 sq.
1097 984 1211 1049 Servus
1232 986 1426 1051 meretricem
1452 1009 1490 1053 ex
1508 989 1601 1052 Chre·

432 1076 526 1140 metis
547 1077 638 1141 domo
659 1079 811 1146 abducere
833 1083 959 1147 iubetur
982 1091 1013 1147 et

504 1183 587 1248 Quam
601 1186 635 1239 ob
654 1187 728 1241 rem?
753 1183 884 1264 quaerit.

468 1291 507 1344 Ne
522 1309 643 1362 quaeras,
662 1287 827 1372 respondet
842 1286 921 1350 alter
934 1306 1059 1349 servus:
1080 1291 1275 1359 ecferantquae
1286 1308 1373 1345 secum
1386 1293 1436 1346 nne
1447 1296 1603 1355 attulerunt.

469 1387 594 1456 Sperabit
613 1392 749 1457 sumptum
769 1387 820 1439 sibi
839 1402 919 1439 senex
939 1387 1054 1439 levatum
1076 1405 1133 1441 esse
1153 1389 1253 1441 harunc
1272 1390 1361 1442 abitu:

468 1474 507 1526 Ne
525 1474 570 1527 ille
589 1475 660 1527 haud
680 1475 739 1540 scit,
758 1474 807 1526 hoc
825 1473 932 1541 paulum
953 1473 1019 1525 lucri
1041 1476 1212 1541 quantumst
1234 1475 1357 1528 damnum
1378 1477 1508 1545 adportet.

432 1559 548 1626 Omnes
569 1561 602 1625 hi
626 1561 809 1625 Terentiani
831 1559 910 1638 loci,
941 1580 1018 1644 quos
1040 1561 1144 1641 attuli,
1168 1582 1221 1645 per
1243 1582 1276 1624 se
1298 1562 1385 1646 plani
1408 1571 1481 1628 sunt
1502 1586 1602 1650 neque

432 1661 544 1739 haben,
571 1682 649 1745 quae
670 1661 793 1726 addam.

515 1763 584 1826 Huc
605 1762 743 1826 inseram
760 1769 960 1848 praeceptum
973 1760 1110 1844 Epicuri,
1136 1761 1216 1844 quod
1235 1761 1375 1826 omnium
1394 1762 1604 1831 clarissimum

431 1864 561 1927 tortasse
590 1861 836 1927 existimandum
868 1870 914 1924 est
944 1867 975 1924 et
993 1859 1100 1944 aliqua
1123 1861 1250 1944 quidem
1281 1882 1319 1924 ex
1347 1871 1433 1946 parte
1458 1886 1529 1940 cum
1553 1887 1604 1931 vo·

431 1962 563 2047 luptatis
595 1962 737 2028 doctriua
766 1963 926 2028 cohaeret:
958 1957 1047 2022 λάθε
1069 1959 1201 2040 βιώσας.
1265 1961 1394 2025 Munera
1435 1964 1519 2028 enim
1560 1968 1604 2032 rei

431 2063 577 2148 publicae
599 2085 671 2128 cum
694 2064 837 2129 homiues
867 2061 1067 2148 prohibeant,
1099 2061 1267 2143 quominus
1295 2060 1333 2125 ad
1364 2064 1551 2146 sapientiam
1574 2076 1605 2130 et

433 2162 661 2229 beatitudinem
683 2163 877 2249 perveniant,
899 2160 1026 2226 omnino
1043 2181 1082 2223 ue
1096 2161 1133 2223 ad
1154 2182 1218 2224 rem
1237 2161 1395 2246 publicam
1411 2164 1604 2245 accedamus

433 2265 525 2329 uobis
547 2265 711 2329 suadetur:
743 2263 843 2328 multo
872 2282 939 2326 esse
962 2259 1076 2324 melius
1101 2259 1135 2323 in
1166 2261 1254 2325 molli
1277 2261 1423 2346 dulcique
1452 2263 1515 2328 otio
1538 2265 1606 2331 slue

434 2364 518 2428 curis
537 2373 568 2430 et
589 2364 749 2430 aerumnis
772 2363 868 2429 vitam
890 2362 1009 2443 degere.

518 2465 563 2529 Ol.
597 2467 688 2548 frgm.
719 2466 779 2529 552
810 2460 1011 2545 (Plutarchus
1043 2459 1100 2523 vit.
1132 2459 1223 2543 Pyrri
1256 2460 1326 2540 20):
1365 2460 1534 2525 πολιτείαν
1566 2463 1605 2541 dl

432 2561 607 2646 φεύγοντες
628 2563 670 2639 οἷς
690 2561 819 2646 βλάβην
839 2561 894 2624 καὶ
917 2556 1077 2640 σύγχυσιν
1098 2562 1157 2622 τοῦ
1178 2564 1350 2640 μακαρίου.

516 2665 556 2728 Et
568 2667 659 2748 l'rgm.
672 2666 729 2730 551
744 2659 975 2745 (Plutarchus):
992 2656 1023 2721 εἰ
1035 2659 1139 2732 καλῶς
1154 2658 1279 2740 εἴρηται
1293 2660 1333 2723 τύ
1347 2658 1452 2722 Ades
1463 2658 1605 2741 βιούσαςς

516 2763 555 2828 Et
576 2764 695 2829 ibidem
715 2764 872 2846 (lulianus
895 2763 971 2847 imp.
994 2760 1034 2824 ad
1052 2759 1263 2824 Themistium
1282 2782 1310 2845 p.
1331 2761 1392 2824 478
1405 2761 1553 2839 Pet335,
1569 2764 1606 2826 19

440 2856 559 2944 Hartll:
595 2863 657 2948 τήν
686 2863 904 2943 Ἐπικούρειον
939 2858 1126 2942 θαυμάζειν
1158 2858 1419 2942 ἀπραγμοσύνην
1447 2860 1502 2922 καὶ
1532 2862 1608 2936 τούς

434 2962 568 3045 κήπους.

523 3063 562 3128 ut
585 3065 707 3148 frgm.8
727 3062 831 3146 (Diog.
856 3064 887 3127 L.
911 3065 1049 3146 x119):
1071 3065 1149 3127 υύδὲ
1172 3064 1401 3129 πολιτεύσεται
1423 3065 1457 3148 (d
1478 3065 1606 3148 σοφός),

439 3161 482 3236 οἷς
506 3162 543 3225 ἐν
563 3165 602 3247 τῇ
622 3161 738 3247 πρώτῃ
759 3164 843 3244 Περὶ
864 3168 954 3245 βίων.
995 3164 1075 3226 οὐδὲ
1090 3161 1330 3244 τυραννεύσειν.

522 3262 603 3328 Ηίυο
626 3265 754 3329 fortasse
778 3264 983 3329 derivandum
1007 3273 1063 3343 est,
1088 3266 1169 3350 quod
1192 3266 1224 3330 iu
1237 3267 1429 3332 Menaechm.
1442 3289 1472 3332 v.
1483 3269 1545 3332 446
1558 3289 1603 3353 sq.

433 3362 602 3427 Peniculus
635 3364 790 3449 parasitus
823 3374 929 3430 contra
961 3365 1120 3430 contiones
1155 3366 1310 3450 disputat,
1351 3388 1430 3450 quae
1463 3368 1605 3433 homiues

435 3469 598 3547 occupatos
620 3473 786 3548 occupant:

537 3561 603 3614 Plus
621 3562 732 3630 triginta
750 3563 827 3616 annia
846 3569 925 3617 uatus
945 3581 1012 3630 sum,
1033 3581 1111 3632 quom
1131 3566 1233 3618 interea
1254 3566 1304 3618 loci

538 3647 687 3717 Numquam
707 3649 848 3718 quicquam
867 3651 971 3703 lacinus
991 3651 1042 3703 ieci
1062 3651 1139 3719 peius
1158 3668 1244 3719 neque
1264 3651 1402 3704 scelestius

538 3732 622 3797 Quam
640 3734 728 3800 hodie,
747 3751 826 3804 quom
845 3736 874 3789 in
895 3738 1046 3789 contionem
1066 3737 1177 3789 mediam
1200 3754 1240 3790 me
1259 3738 1366 3790 inmersi
1386 3739 1480 3791 miser:

540 3819 591 3874 Ubi
611 3836 660 3889 ego
680 3820 742 3874 dum
761 3822 846 3888 hieto,
864 3823 1050 3876 Menaechmus
1071 3839 1099 3875 se
1119 3823 1288 3876 subterduxit
1306 3824 1370 3876 mihi

538 3907 626 3975 Atque
646 3908 702 3960 abit
720 3907 754 3960 ad
773 3909 893 3973 amicam,
912 3909 1000 3975 credo,
1020 3926 1106 3977 neque
1126 3926 1166 3962 me
1185 3909 1268 3962 voluit
1287 3910 1391 3962 ducere.
1417 3970 1420 3975 J

539 3989 591 4054 Qui
608 3992 682 4046 illum
703 3993 745 4046 dei
764 4010 855 4047 omnes
875 3995 1010 4064 perduint,
1030 3997 1090 4064 quei
1110 3998 1211 4066 primus
1232 4002 1467 4050 commentust

540 4077 696 4132 Contionem
715 4080 820 4146 habere,
842 4083 886 4150 qui
906 4083 1025 4135 homines
1045 4089 1188 4151 occupatos
1207 4089 1329 4152 occupat.

540 4163 600 4217 Nou
618 4165 652 4218 ad
670 4182 728 4219 eam
746 4183 800 4219 rem
820 4168 919 4221 otiosos
938 4168 1058 4222 homines
1076 4171 1165 4222 decuit
1184 4170 1279 4238 delegi,

541 4248 592 4313 Qui
610 4252 663 4306 nisi
680 4251 770 4305 adsint
788 4268 865 4321 quom
886 4255 1009 4321 uitentur,
1029 4273 1125 4309 census
1144 4258 1233 4326 capiat
1250 4257 1332 4311 ilico?

539 4337 685 4392 Adfatimst
702 4338 848 4405 hominum,
866 4340 896 4391 in
914 4341 971 4394 dies
989 4344 1035 4412 qui
1057 4344 1176 4410 singulas
1195 4359 1270 4396 escas
1289 4345 1371 4412 edint,

541 4423 643 4487 Quibus
661 4425 752 4494 negoti
770 4425 809 4478 nil
827 4430 876 4492 est,
896 4428 941 4495 qui
958 4445 1045 4481 essum
1065 4446 1150 4498 neque
1169 4435 1297 4483 vocantur
1316 4448 1401 4501 neque
1420 4440 1529 4487 vocant:

543 4510 597 4565 llos
615 4516 720 4581 oportet
739 4512 858 4565 contioni
877 4513 941 4566 dare
959 4531 1066 4584 operam
1088 4524 1167 4584 atque
1183 4518 1321 4572 comitieis.
