4075 5717
986 690 1192 754 „70-

506 875 706 954 Quinetiam
729 875 883 937 Venerem
907 870 1061 936 nutricem
1085 869 1153 933 eius
1183 867 1279 933 fuisse
1307 866 1484 952 suspicatur
1506 864 1680 930 Palaestrio

506 999 536 1042 v.
559 976 637 1041 649:

646 1075 667 1127 0
688 1073 805 1142 lepidum
826 1088 924 1137 senem,
942 1072 970 1123 in
990 1087 1018 1123 se
1038 1071 1144 1138 siquas
1163 1074 1289 1122 memorat
1308 1069 1415 1121 virtutis
1433 1068 1522 1130 babet,

646 1163 733 1230 Atque
752 1159 872 1227 equidem
893 1158 971 1227 plane
991 1157 1131 1209 educatum
1152 1157 1179 1208 in
1198 1157 1333 1209 nutricatu
1352 1155 1476 1209 Venerio.

507 1240 633 1316 Amoris
661 1259 766 1312 autem
796 1244 961 1330 cupiditati
992 1264 1032 1307 ne
1055 1264 1206 1326 umquam
1233 1242 1433 1307 succubuerit
1462 1241 1513 1306 vel
1535 1261 1680 1305 succum-

510 1351 582 1414 bere
604 1347 712 1434 possit,
735 1368 774 1411 ne
796 1346 834 1410 de
857 1345 913 1409 boc
936 1343 1063 1428 quidem
1088 1363 1162 1407 sene
1185 1342 1374 1420 metuimus,
1399 1342 1453 1426 qui
1476 1341 1534 1406 bac
1556 1361 1681 1426 quoque

508 1449 541 1513 in
565 1469 596 1512 re
621 1445 763 1530 magistri
786 1455 832 1510 est
855 1444 1038 1529 discipulus.

591 1547 725 1612 Amabat
758 1568 845 1631 porro
879 1545 1061 1630 Aristippus
1093 1544 1177 1607 laute
1211 1542 1407 1627 pretioseque
1441 1541 1547 1606 vivere
1577 1560 1682 1623 neque

509 1646 593 1712 cibos
614 1646 763 1711 delicatos
786 1646 952 1730 spernebat
974 1665 1075 1728 neque
1097 1643 1226 1707 saliares
1248 1641 1356 1728 epulas
1378 1662 1480 1724 neque
1504 1640 1682 1706 luxuriosas

509 1747 760 1833 compotationes.

595 1847 767 1934 Xenophon
791 1846 868 1911 dicit
889 1846 1057 1910 Memorab.
1080 1847 1110 1909 ll
1136 1849 1199 1926 l‚l
1235 1867 1305 1909 eum
1328 1866 1395 1909 esse
1418 1842 1684 1922 ἀκολαστοτέρως

510 1951 627 2029 ἔχοιτο
657 1949 739 2025 προς
769 1948 811 2007 τοι
839 1949 974 2009 τοιαῦτα
1003 1946 1101 2027 (πρὸς
1129 1947 1314 2022 ἐπιθυμίαν
1342 1947 1470 2025 βρωτοῦ
1500 1942 1553 2005 καὶ
1576 1944 1684 2008 ποτοῦ

509 2050 563 2111 καὶ
592 2049 740 2128 λαγνείας
768 2048 821 2109 καὶ
856 2043 975 2128 ὕπνου)
1007 2055 1038 2112 et
1064 2047 1180 2110 ibidem
1208 2048 1236 2110 ll
1262 2049 1287 2118 l,
1313 2047 1350 2110 15
1376 2045 1592 2131 Aristippus„
1608 2064 1683 2108 cum

510 2151 649 2214 Socrates
667 2170 705 2212 ex
726 2170 760 2213 eo
781 2148 981 2231 quaesiverit,
1004 2169 1079 2211 num
1101 2155 1261 2232 propterea
1278 2166 1431 2230 nusquam
1450 2145 1563 2208 habere
1584 2144 1684 2208 vellet

510 2249 725 2326 domicilium,
756 2248 830 2331 quia
859 2248 1026 2312 confideret
1056 2248 1213 2312 neminem
1242 2268 1275 2310 se
1305 2247 1418 2310 habere
1440 2245 1522 2311 velle
1544 2265 1682 2309 servum.

511 2350 691 2434 respondet:
722 2353 770 2419 τίς
791 2349 851 2427 γοὶρ
881 2342 925 2408 δίι·
949 2346 1058 2410 ἐθέλοι
1084 2343 1268 2425 ἄνθρωπον
1291 2347 1326 2406 ἐν
1349 2346 1435 2428 οίκίᾳ
1457 2347 1543 2424 ἔχειν
1566 2346 1684 2405 πονεῖν

510 2452 571 2526 μὲν
593 2449 696 2529 μηδὲν
718 2447 894 2524 ἐθέλοιτο,
923 2450 962 2528 τῇ·
983 2447 1020 2508 δὲ
1044 2445 1310 2528 πολυτελεστάτῃ
1332 2447 1441 2527 διαίτῃ
1463 2449 1628 2525 χαίροντα.

593 2549 714 2614 Deinde
743 2548 823 2633 apud
854 2549 1025 2612 lucianum
1061 2548 1116 2612 vit.
1149 2556 1230 2611 auct.
1259 2549 1313 2611 12:
1346 2546 1384 2607 τό
1409 2549 1471 2624 μὲν
1499 2541 1577 2608 ὅλον
1600 2563 1684 2625 συμ-

510 2652 626 2728 βιῶναι
648 2649 754 2722 δεξιδς
775 2648 829 2709 καὶ
853 2651 1011 2728 συμπιεῖν
1034 2646 1143 2719 ἱκανός
1165 2646 1218 2707 καὶ
1237 2645 1387 2726 κωμάσαι
1407 2645 1477 2725 μετ’
1490 2643 1685 2726 αὐλητρίδος

511 2747 694 2831 ἐπιτήδειος
716 2749 840 2825 ἐρωντα
861 2748 913 2809 καὶ
930 2745 1048 2826 α’σιότῳ
1069 2745 1229 2828 δεσπότῃ.
1274 2747 1316 2807 ια’
1338 2743 1422 2808 ἄλλα
1444 2746 1482 2807 δὲ
1498 2741 1685 2825 πεμμάτιον·

511 2846 702 2932 ἐπιστήμων
722 2847 775 2908 καὶ
798 2847 962 2932 διμοποιδς
984 2847 1227 2924 ἐμπειρότατος,
1250 2846 1303 2906 καὶ
1331 2843 1411 2918 ὅλως
1427 2846 1587 2927 σοιμστής
1604 2843 1683 2928 rido-

512 2951 658 3018 παθειάς
686 2947 867 3011 nominetur
896 2955 927 3010 et
955 2946 1055 3011 Schol.
1087 2947 1126 3010 ad
1148 2946 1285 3031 Menipp.
1319 2968 1347 3030 p.
1371 2946 1470 3024 20,7:
1503 2945 1608 3016 δεινδς
1638 2945 1683 3007 τοὶ

512 3045 587 3123 περὶ
610 3053 752 3125 γαστέρα
773 3047 884 3106 τεκαὶ
915 3050 1086 3125 μαγείρους
1109 3043 1277 3127 σοιμστής.

511 3145 653 3229 Denique
676 3148 815 3210 conteras
837 3145 983 3211 Socratic.
1003 3167 1051 3231 ep.
1065 3146 1110 3210 lX
1133 3144 1330 3229 (Aristippus
1344 3142 1563 3224 Antistheni):
1587 3164 1682 3203 κακο-

511 3244 739 3325 δαιμονοῦμεν,
763 3235 787 3306 oi
810 3246 1022 3323 Ἀντίσθενες,
1046 3244 1085 3308 ου’
1100 3249 1244 3324 μετρίως.
1289 3247 1355 3316 πῶς
1378 3245 1439 3323 γοὶρ
1462 3246 1500 3304 ori
1522 3241 1684 3322 μέλλομεν

510 3343 769 3423 κακοδαιμονεῖν,
793 3341 883 3417 ὄντες
906 3345 998 3423 παρα
1014 3344 1161 3424 τυράννῳ
1184 3343 1238 3405 καὶ
1262 3343 1417 3426 ὁσημέραι
1438 3344 1609 3415 ἐσθίοντες
1626 3341 1682 3404 καὶ

512 3447 662 3516 πίνοντες
675 3444 853 3507 πολυτελέα
869 3445 921 3506 καὶ
941 3444 1159 3525 α’λειαόμενοί
1166 3467 1227 3506 τινι
1240 3447 1305 3505 τῶν
1316 3440 1552 3506 εὐωδεστάτων·
1566 3441 1683 3521 μύρων

510 3543 564 3604 καὶ
594 3540 747 3623 σύροντες
776 3546 923 3627 ἐσθῆτας
951 3543 1100 3623 μαλακοίς
1126 3545 1161 3605 ἐκ
1195 3542 1382 3621 Ταραντος;
1418 3543 1472 3604 καὶ
1503 3541 1611 3615 οὐδείς
1639 3562 1683 3621 με

511 3643 716 3728 ἐξαιρήσεται
733 3645 789 3727 τῆς
803 3649 976 3708 Διονυσίου
994 3641 1170 3724 ὠμότητος,
1192 3639 1228 3714 ὅς
1240 3643 1273 3721 μ’
1293 3639 1335 3715 ὥς
1351 3666 1423 3704 τινα
1440 3640 1606 3723 ἐνεχυριον
1624 3639 1683 3704 οιῗκ

510 3741 658 3822 dyc-otro,
689 3743 773 3806 οίλλολ
797 3744 851 3805 καὶ
873 3741 976 3824 λόγων
997 3742 1197 3824 ἐπιμεληιοὶν
1220 3745 1284 3804 τῶν
1306 3745 1517 3823 Σωκρατικῶν
1538 3750 1681 3822 κατέχει,

452 3915 455 3920 .
511 3832 632 3924 οἷάπερ
644 3844 727 3925 ἔφην
750 3847 877 3920 σιτίζων
899 3843 952 3905 καὶ
975 3843 1122 3923 α’λειίιωυ
1143 3842 1196 3904 καὶ
1211 3841 1401 3924 α’μᾳιεννύς,
1422 3843 1476 3905 καὶ
1490 3837 1566 3906 οὔτε
1586 3844 1683 3904 δίκαν

511 3946 664 4024 φοβεῖται
685 3944 748 4004 coir
770 3947 876 4020 θεῶν,
906 3938 974 4007 οὔτ’
996 3938 1181 4023 ἄνθρωπον
1203 3941 1345 4005 αἰδεῖται
1369 3939 1459 4016 ὅστις
1480 3967 1522 4025 με
1545 3945 1682 4005 τοιαῦτα

511 4041 706 4106 διατίθεται.

593 4142 783 4228 Saepissime
807 4152 932 4228 propter
953 4143 1034 4208 hanc
1057 4144 1195 4208 molliter
1217 4144 1346 4208 vivendi
1369 4143 1573 4229 cupiditatem
1597 4141 1680 4206 vitu·

509 4243 685 4328 perabatur,
710 4243 762 4308 sed
786 4264 908 4329 semper
930 4244 998 4308 sive
1020 4244 1077 4308 boc
1100 4244 1166 4308 sive
1190 4245 1244 4308 illo
1265 4244 1355 4308 modo
1377 4264 1409 4307 se
1433 4243 1628 4307 defendebat.

593 4343 640 4408 cf.
652 4343 740 4426 Diog.
752 4343 784 4408 lr.
795 4343 826 4407 ΙΙ
838 4343 893 4408 68:
914 4342 1149 4422 ὀνειδιζόμενός
1162 4342 1233 4405 ποτ’
1246 4343 1302 4404 ἐπὶ
1315 4346 1359 4423 τῷ
1372 4342 1557 4414 πολυτελῶς
1570 4345 1635 4426 ζῆν·
1652 4339 1684 4404 εί

510 4441 607 4522 τοῦτ’,
633 4443 706 4527 ἔφη,
723 4443 850 4526 φαῦλον
866 4433 916 4528 ἦν,
935 4442 992 4508 οὐκ
1003 4439 1047 4506 ἄν
1058 4444 1093 4505 ἐν
1104 4447 1176 4517 ταῖς
1187 4445 1254 4505 τοῖν
1265 4445 1356 4509 θεῶν
1367 4442 1493 4525 ἑορταῖς
1505 4444 1640 4523 ἐγένετο.
1655 4441 1681 4525 1)

509 4546 602 4553 ——.--..
618 4548 628 4551 -

581 4577 608 4646 1)
627 4548 759 4646 crsnrog.
779 4578 808 4630 n.
826 4578 851 4631 11
869 4579 911 4631 co.
931 4577 972 4630 ce.
991 4577 1033 4631 ιο.
1052 4577 1094 4629 ιο.
