4075 5717
970 716 1176 781 ..80-

487 892 565 975 rrcp'
587 893 672 976 ὑμᾶς
694 893 753 974 οὐχ
771 895 813 968 aig
829 894 1096 976 συλλυπούμευος
1118 894 1189 958 ἀλλ’
1211 894 1265 960 ἵνα
1288 896 1408 962 παύσω
1427 898 1514 982 ἡμᾶς
1536 897 1655 962 λυπου-

485 1003 609 1076 μένους.
1044 998 1048 1005 ’
1121 1040 1124 1043 -

568 1096 659 1161 Adde
681 1095 827 1161 Socratic.
858 1116 905 1180 ep.
934 1095 980 1159 XI
1012 1093 1210 1182 (Aristippus
1238 1099 1421 1182 Aeschini):
1452 1099 1657 1186 λυθήσονται

484 1197 544 1268 τᾶς
567 1194 713 1278 φυλακᾶς
734 1193 766 1258 οἱ
786 1200 950 1257 νεανίσκοι
970 1194 1047 1275 περὶ
1075 1183 1121 1257 ὧν
1141 1219 1196 1278 μοι
1225 1197 1359 1280 γράφεις
1380 1197 1411 1262 οἱ
1432 1205 1571 1281 Λοκροί,
1601 1201 1656 1264 καὶ

426 1372 430 1381 ¹
485 1294 525 1357 οιλ
546 1295 766 1371 ιεθι·ολξοι·ται
796 1294 875 1358 ου’δὲ
897 1294 1082 1358 α’πολοῦυτί
1100 1319 1131 1358 τι
1152 1300 1218 1359 τῶν
1238 1295 1433 1380 χρημάτων,
1465 1297 1597 1382 ἥκοντες
1621 1324 1656 1381 γε

484 1397 639 1477 παραυτά
660 1399 720 1460 τοῦ
740 1400 871 1462 θανεῖν.
899 1398 1006 1460 ταῦτα
1025 1396 1063 1459 δὲ
1074 1396 1270 1461 Ἀντισθένει
1288 1400 1334 1480 pr)
1353 1398 1456 1483 λέξῃς,
1476 1400 1507 1463 εἰ
1522 1412 1655 1466 σέσωκα

473 1494 559 1569 σούς
581 1496 703 1579 φίλους.

565 1598 605 1662 Et
624 1597 769 1663 Socratic.
803 1620 850 1683 ep.
875 1597 982 1663 XXIII
1011 1596 1200 1680 (Aeschines
1221 1599 1411 1681 Phaedoni):
1442 1599 1560 1665 Ὁπότε
1591 1601 1656 1683 aya·

483 1695 587 1782 νόμην
614 1698 662 1763 ἐν,
678 1697 917 1779 Συρακούσαις,
951 1698 1077 1771 ευθέως
1103 1699 1188 1762 κατα
1214 1700 1274 1784 τήν
1302 1699 1427 1781 α’γορολν
1455 1700 1655 1782 Ἀριστίππῳ

484 1798 652 1878 ἐνέτυχον,
684 1796 704 1861 ὃ
732 1797 770 1861 δὲ
796 1797 981 1880 λαβόμενός
1008 1820 1073 1880 μου
1102 1802 1158 1881 τῆς
1182 1797 1292 1874 δεξιᾶς
1320 1801 1522 1883 παραχρῆμα
1549 1802 1656 1884 μηδὲν

482 1895 646 1981 μελλήσας
666 1896 788 1980 εἰσάγει
808 1900 891 1986 προς
911 1899 1086 1963 Διονύσιον
1110 1946 1203 1964 .....

564 2001 656 2065 Hand
678 1999 794 2065 minori
817 2021 909 2065 curae
931 2000 1187 2086 Periplecomeno
1210 2000 1306 2065 amici
1327 2008 1411 2065 sunt.

567 2100 612 2166 Of.
634 2123 664 2165 v.
688 2101 748 2166 633
769 2122 835 2184 sq.:
1163 2111 1166 2116 ’

483 2196 656 2253 Pleusicles:
674 2201 721 2254 Pol
741 2200 767 2253 id
783 2202 891 2269 quidem
910 2202 1032 2270 experior
1049 2202 1088 2254 ita
1106 2217 1165 2254 esse
1180 2206 1211 2254 ut
1229 2201 1376 2269 praedicas,
1394 2199 1555 2254 Palaestrio:

678 2288 745 2341 Nam
767 2289 918 2356 benignitas
938 2288 1045 2357 quidem
1062 2288 1141 2340 huius
1161 2287 1259 2356 oppido
1278 2286 1509 2340 adulescentulist.

578 2370 649 2428 Per:
674 2375 764 2441 Immo,
784 2375 894 2450 hospes,
910 2376 994 2442 magis
1014 2391 1092 2443 quom
1107 2374 1234 2443 periclum
1249 2373 1339 2440 factes,
1358 2375 1442 2441 magis
1455 2389 1550 2427 nosces
1569 2389 1653 2426 meam

622 2493 629 2529 p
672 2460 827 2515 Comitatem
847 2477 910 2530 erga
927 2465 953 2514 te
973 2464 1114 2514 amantem.
1150 2458 1198 2513 Pl:
1225 2460 1293 2524 Quid
1313 2477 1380 2529 opus
1399 2466 1462 2514 nota
1481 2459 1610 2513 noscere?

482 2545 522 2609 Et
544 2568 572 2610 v.
592 2548 667 2631 336:
726 2600 731 2604 .

587 2634 604 2695 ἶ
672 2646 723 2710 Qui
743 2652 769 2701 et
788 2664 842 2700 rem
861 2642 949 2702 servat
968 2655 1042 2702 etse
1063 2650 1128 2702 bene
1147 2649 1227 2702 babet
1246 2650 1355 2717 suisque
1375 2649 1467 2701 amicta
1487 2647 1584 2700 usuist.

563 2750 647 2816 Haec
669 2752 790 2832 omnia,
826 2753 904 2838 quae
927 2754 965 2817 de
989 2753 1243 2839 Periplecomeno
1265 2753 1325 2818 hnc
1346 2775 1446 2839 usque
1469 2751 1653 2839 conscripsi·

482 2873 553 2916 mus
581 2851 609 2915 si
639 2840 859 2937 pensitaverit,
890 2875 961 2918 cnm
989 2854 1053 2918 tale
1084 2854 1248 2937 ingenium
1279 2855 1418 2939 talesque
1447 2873 1548 2918 mores
1580 2851 1653 2915 huic

482 2953 550 3017 seni
572 2953 719 3027 tribuerit
741 2961 839 3038 poeta,
863 2954 934 3039 quis
959 2963 1006 3018 est
1029 2955 1084 3039 qui
1105 2955 1239 3036 dubitet,
1266 2954 1343 3040 quin
1363 2945 1499 3018 alterum
1516 2953 1653 3038 Aristip-

483 3072 559 3136 pum
582 3054 728 3137 effingere
754 3053 910 3118 voluerit?
962 3056 1050 3132 Quod
1080 3056 1248 3140 quominus
1277 3055 1439 3120 credamus
1468 3054 1524 3118 hoc
1553 3074 1653 3118 unum

482 3152 636 3237 impedire
658 3174 746 3239 posse
766 3155 899 3234 videtur,
924 3156 1005 3240 quod
1029 3177 1080 3220 eas
1104 3177 1221 3236 causas,
1245 3155 1359 3242 quibus
1379 3153 1652 3238 Periplecomenus

482 3253 625 3319 versibus
648 3254 722 3319 inde
742 3256 781 3319 ab
804 3257 865 3320 678
888 3256 1044 3341 usquead
1068 3242 1129 3321 722
1158 3277 1191 3320 se
1220 3254 1457 3320 matrimonium
1480 3254 1561 3318 inire
1584 3274 1652 3337 pro-

479 3354 582 3420 hiberi
605 3354 699 3434 dicit,
733 3358 848 3420 frustra
873 3358 956 3442 apud
979 3357 1186 3440 Cyrenaicum
1216 3355 1438 3440 philosophum
1460 3353 1650 3438 quaerimus

481 3455 520 3517 Et
541 3454 593 3520 hic
615 3478 695 3540 aqua
716 3457 840 3521 videtur
863 3458 997 3522 haerere.
1042 3457 1209 3523 Undenam
1231 3454 1307 3519 haec
1325 3444 1520 3539 deprompsit
1539 3454 1652 3538 poeta?

481 3555 565 3619 Num
595 3577 632 3620 ex
661 3557 724 3620 alia
755 3557 922 3642 disciplina
950 3565 1113 3622 mutuatus
1136 3559 1207 3621 est?
1250 3556 1335 3620 Num
1357 3555 1425 3641 ipse
1454 3554 1560 3621 omnia
1590 3553 1651 3618 sibi

483 3655 598 3719 finxit?
641 3657 837 3722 Permultum
861 3658 1010 3743 temporis
1033 3660 1131 3722 fateor
1159 3678 1208 3721 me
1229 3659 1345 3721 frustra
1376 3655 1432 3719 has
1454 3654 1652 3740 quaestiones

480 3754 600 3820 solvere
621 3764 766 3823 conatum
789 3779 872 3841 esse,
900 3779 998 3848 paene
1019 3758 1084 3822 iam
1106 3757 1233 3824 omnino
1254 3778 1341 3842 spem
1366 3756 1549 3842 perdebam,
1581 3775 1651 3819 curn

484 3857 693 3940 fragmentum
723 3860 991 3945 Theophrasteum
1023 3860 1103 3923 mihi
1132 3859 1220 3924 venit
1249 3857 1282 3921 in
1311 3877 1436 3938 manus,
1469 3855 1551 3940 qnod
1581 3874 1653 3918 cnm

483 3957 700 4041 perlegissem,
732 3960 889 4025 continere
912 3982 974 4025 non
998 3967 1153 4044 poteram,
1185 3958 1262 4044 quin
1284 3978 1407 4022 summo
1430 3955 1557 4041 quidem
1581 3975 1652 4019 cnm

483 4058 594 4140 gandIo
610 4059 828 4147 haudmiuore
844 4069 951 4148 autem
967 4082 1039 4125 oum
1057 4060 1264 4125 admiratione
1276 4058 1500 4123 exclamarem:
1522 4050 1651 4138 εὕρηκα.

481 4159 559 4224 Ecce
581 4160 796 4246 omnia„quae
817 4183 915 4247 usque
936 4163 975 4226 ad
996 4162 1027 4226 id
1052 4170 1176 4246 tempus
1197 4163 1312 4223 frustra
1331 4148 1557 4251 quaesiveram,
1580 4176 1652 4221 ecce

481 4261 568 4342 fons,
600 4262 682 4325 unde
696 4262 760 4346 »illa
780 4263 818 4326 de
838 4263 1041 4349 matrimonio
1060 4260 1234 4348 disputatio
1257 4259 1365 4348 fluxit,
1387 4258 1489 4342 neque
1509 4257 1592 4339 ulla,
1613 4277 1652 4321 no

481 4361 614 4425 minima
637 4361 774 4445 quidem,
797 4364 947 4427 exsistere
969 4370 1090 4447 poterat
1111 4360 1275 4426 dubitatio.

563 4462 624 4526 Sed
654 4463 729 4548 quid
767 4485 930 4529 commune
970 4464 1082 4528 habet·
1105 4484 1176 4527 cnm
1199 4459 1362 4548 Aristippo
1394 4456 1651 4545 Theophrastus?

482 4563 650 4628 Hominem
680 4564 898 4652 Aristippeum
917 4564 965 4630 “si
1003 4563 1171 4649 depingere
1214 4559 1315 4626 voluit
1351 4568 1458 4644 poeta,
1499 4552 1652 4640 quomodo
