4075 5717
917 690 1119 752 ..21-

433 870 587 932 Fortunae
610 868 754 933 obicitur.
798 870 878 933 Nam
900 868 938 930 νο
961 867 1064 931 κακόν
1084 869 1213 953 Epicuri
1234 890 1301 933 esse
1325 863 1491 949 ἀλγηδόνα
1512 877 1543 933 et
1564 870 1603 932 ao*

431 968 565 1049 o’yoddv
587 965 873 1052 eiusdemofdooop‘v
905 969 1024 1033 nemini
1055 976 1158 1055 potest
1185 990 1251 1033 esse
1273 968 1415 1032 dubium.
1459 970 1546 1045 Quod
1567 978 1603 1033 ut

433 1092 467 1133 eo
493 1069 590 1152 magis
613 1077 770 1153 appareat,
793 1090 917 1132 versum
945 1071 981 1132 15
1004 1068 1227 1153 inspiciamuS‚
1249 1069 1304 1133 ubi
1326 1068 1457 1133 eandem
1478 1078 1601 1135 senten-

433 1171 511 1233 tiam
534 1170 685 1252 legimus,
716 1191 809 1252 quam
841 1170 904 1233 iam
929 1169 1011 1254 apud
1035 1169 1216 1233 Terentium
1247 1168 1438 1237 invenimus¹
1456 1178 1603 1255 etquam

433 1272 470 1334 ad
495 1271 664 1354 Epicurum
688 1291 754 1333 esse
780 1270 972 1334 referendam
995 1290 1090 1353 supra
1111 1270 1410 1334 demonstravimus:
1425 1268 1449 1352 ¹)

575 1370 631 1437 Ego
651 1370 758 1422 deorum
779 1371 859 1432 vitam
879 1377 1019 1438 eapropter
1039 1370 1225 1438 sempiternam
1245 1385 1303 1422 esse
1321 1370 1443 1435 arbitror,
1535 1438 1536 1443 ἵ

544 1475 546 1479 ’
573 1456 648 1519 Quod
668 1457 818 1525 voluptates
838 1473 928 1509 eorum
947 1456 1071 1525 propriae
1091 1460 1163 1508 sunt.

434 1547 591 1609 Postremo
626 1543 772 1628 respicias
810 1544 923 1625 etiam,
955 1564 1050 1628 quam
1082 1543 1183 1607 multa
1213 1543 1297 1606 vitae
1329 1543 1596 1608 oblectamentaa

435 1654 524 1729 poeta
547 1651 779 1725 enumerentur,
803 1654 836 1706 ut
855 1641 985 1723 ἱλαρούς
1007 1645 1184 1720 παίζοντας
1205 1639 1473 1715 ὑποπεπωκότας
1489 1642 1603 1706 aeaea-

436 1751 552 1823 μένους
574 1741 714 1806 σποδεῖν
735 1743 779 1826 (v.
804 1740 957 1824 12-13),
981 1746 1091 1805 πίνειν
1113 1741 1157 1826 (ν.
1183 1741 1245 1823 19),
1277 1743 1396 1817 ἐξιέναι
1416 1742 1473 1805 ἐπὶ
1494 1746 1604 1823 κῶμον

438 1845 482 1927 (ν.
496 1842 559 1925 20),
583 1841 729 1924 ῥάφανον
751 1843 845 1933 ἕψειν
858 1844 902 1925 (ν.
915 1840 982 1925 23),
1004 1841 1050 1916 εἰς
1070 1844 1108 1905 od
1129 1842 1307 1924 βαλανεῖον
1328 1841 1463 1909 drudam
1480 1841 1523 1924 (v.
1537 1841 1602 1925 24),

434 1940 628 2024 κεραννύναι
647 1944 707 2005 τον
730 1933 819 2005 οἶνον
841 1943 886 2026 (v.
910 1941 974 2023 25).

518 2046 640 2123 Restat,
669 2053 704 2109 ut
724 2045 888 2109 Menandri
912 2048 1121 2127 fragmentum
1146 2045 1204 2107 611
1238 2041 1337 2124 (Kock
1361 2042 1408 2106 ΠΙ
1436 2062 1504 2126 pag.
1531 2040 1603 2122 184)

435 2147 575 2224 afferam,
608 2145 642 2208 in
666 2165 725 2228 quo
748 2144 875 2230 Epicuri
897 2145 935 2209 de
957 2145 1116 2229 voluptate
1146 2143 1319 2208 doctrinam
1348 2141 1501 2226 respicere
1523 2140 1603 2205 mihi

436 2245 560 2308 videtur
582 2253 685 2329 poeta:
914 2259 916 2264 '

645 2337 752 2394 ἅπανθ’
771 2335 820 2394 ὅσα
840 2341 870 2416 ζῇ
889 2343 936 2394 καὶ
954 2337 1003 2395 τὸν
1025 2336 1104 2412 ἥλιον
1121 2341 1217 2410 βλέπει

645 2423 694 2480 τὸν
712 2424 809 2480 κοινὸν
829 2423 903 2500 ἡμῖν,
922 2428 1005 2483 δοῦλα
1026 2423 1103 2481 ταῦτ’
1120 2423 1181 2481 ἐσθ’
1200 2422 1308 2499 ἡδονῆς.

520 2517 719 2602 Voluptatem
733 2517 808 2581 satis
825 2517 964 2581 vidimus
981 2539 1018 2581 ex
1033 2516 1158 2602 Epicuri
1172 2516 1327 2580 sententia
1338 2536 1404 2580 osse
1415 2516 1508 2578 finem
1521 2513 1603 2577 vitae

438 2626 467 2680 et
486 2618 571 2681 omni
594 2617 684 2682 modo
707 2617 929 2703 expetendam,
953 2617 1090 2682 dolorem
1112 2626 1218 2680 autem
1240 2617 1346 2681 eodem
1371 2615 1460 2680 modo
1483 2613 1603 2695 fugien-

437 2717 521 2780 dum.
565 2717 624 2781 Sed
646 2739 835 2801 quamquam
860 2738 1063 2800 unaquaeque
1085 2717 1246 2801 voluptaS,
1276 2738 1347 2780 cum
1376 2723 1504 2779 naturae
1532 2735 1603 2777 con·

438 2817 560 2897 veniat,
595 2839 649 2902 per
671 2839 703 2880 se
728 2818 840 2881 bonum
865 2827 926 2897 est,
959 2817 1045 2881 dolor
1074 2816 1208 2894 malum,
1241 2826 1347 2879 tamen
1371 2835 1471 2899 neque
1497 2833 1603 2878 omnes

437 2918 612 3003 voluptates
635 2917 785 3003 petendae
804 2925 886 2998 sunt,
908 2939 1008 3001 neque
1033 2938 1140 2981 ornnes
1154 2917 1276 2981 vitandi
1294 2917 1423 2982 dolores
1467 2917 1547 2980 Nam
1570 2922 1604 2977 ut

438 3039 529 3101 quarn
562 3018 732 3081 maximam
765 3017 934 3102 voluptatis
964 3026 994 3081 et
1027 3039 1122 3102 quam
1152 3018 1319 3082 minimam
1343 3017 1457 3083 doloris
1482 3016 1604 3102 copiam

436 3138 655 3201 assequamur,
687 3117 930 3199 diligentissime
959 3118 1099 3200 singulas
1131 3119 1306 3204 voluptates
1327 3127 1359 3181 et
1380 3118 1500 3182 dolores
1522 3117 1604 3180 inter

437 3239 469 3280 se
491 3219 682 3303 perpendere
703 3218 861 3281 debemus
905 3217 985 3281 Sunt
999 3218 1084 3282 enim
1108 3219 1293 3303 voluptates,
1317 3217 1499 3301 exquibus
1521 3224 1603 3302 post-

438 3339 531 3401 quam
553 3318 659 3403 adepti
677 3339 795 3396 sumus,
819 3317 889 3403 plus
906 3319 1020 3383 doloris
1037 3319 1162 3382 eveniat
1177 3340 1269 3403 quam
1290 3318 1476 3404 voluptatis3
1499 3326 1604 3381 contra

441 3418 534 3481 multi
567 3426 641 3481 sunt
663 3417 798 3495 dotores,
840 3439 926 3503 quos,
960 3419 987 3482 si
1010 3419 1244 3504 pertulerimus,
1280 3419 1413 3483 maiores
1434 3426 1604 3502 sequantur

438 3518 623 3602 voluptates.
669 3519 751 3594 Quae
774 3539 845 3582 cum
868 3518 913 3581 ita
936 3519 1009 3599 sint,
1032 3518 1265 3584 accuratissime
1288 3518 1525 3582 deliberandum
1547 3526 1602 3597 est,

437 3626 544 3682 utrum
567 3640 604 3681 ex
630 3618 800 3702 voluptate,
834 3640 926 3702 quam
949 3620 1103 3704 petimus,
1135 3619 1207 3703 plus
1228 3619 1353 3682 evenire
1376 3618 1473 3705 possit
1495 3619 1602 3704 volup·

439 3718 512 3781 tatis
528 3740 567 3781 an
582 3718 705 3798 doloris,
730 3726 761 3781 et
775 3740 850 3782 num
864 3719 976 3796 dolore,
1000 3740 1092 3804 quem
1112 3719 1296 3805 plerumque
1316 3719 1415 3783 vitare
1432 3720 1602 3798 studemus

438 3829 541 3881 tamen
574 3819 701 3881 fortasse
725 3818 820 3903 possit
849 3819 929 3883 effici
952 3821 1096 3906 voluptas
1129 3811 1236 3885 maior.
1289 3819 1333 3883 Ea
1359 3821 1510 3904 voluptas,
1542 3844 1603 3907 qua

438 3918 576 3981 dolorem
598 3918 794 4002 assequimur
816 3919 976 4001 maiorem,
1005 3921 1142 3998 vitanda,
1172 3920 1267 4002 dolor,
1291 3941 1352 4006 qua
1380 3921 1529 3986 maiorem
1552 3944 1603 3988 vo-

442 4018 606 4102 luptatem,
630 4018 792 4100 eligendus
812 4027 867 4081 est.
912 4021 995 4084 Haeo
1017 4021 1123 4085 omnia
1144 4021 1199 4105 qui
1221 4029 1457 4100 commentatur,
1482 4030 1603 4102 συμμέ-

437 4135 561 4197 sonora,
585 4119 921 4203 ,‚compensationem,“
945 4143 1039 4204 quam
1058 4130 1168 4186 vocant
1188 4121 1345 4207 Epicurei,
1367 4122 1495 4186 adhibet
1511 4132 1604 4207 atque

438 4238 561 4300 semper
584 4217 681 4282 vitam
707 4220 826 4283 beatam
852 4220 962 4303 degere
983 4230 1093 4307 potest.

521 4318 617 4381 Docet
646 4339 701 4383 nos
730 4321 767 4383 de
798 4318 855 4383 hoc
886 4321 998 4405 placito
1021 4323 1175 4408 Epicurus
1203 4323 1270 4408 ipse
1300 4345 1347 4408 ep.
1373 4324 1419 4387 Ill
1444 4323 1517 4386 129:
1550 4321 1605 4384 καὶ

439 4415 512 4477 ἐπεὶ
543 4418 673 4497 πρῶτον
701 4417 834 4498 α’γαθόν
863 4422 959 4483 τοῦτο
988 4422 1042 4484 καὶ
1069 4421 1258 4505 σύμφυτον,
1287 4421 1342 4484 dcci
1365 4424 1462 4485 τοῦτο
1489 4421 1543 4484 καὶ
1566 4444 1604 4485 ον
