4075 5717
948 862 985 874 ..
1031 820 1152 893 qq*

464 1006 531 1070 hier
555 1007 674 1072 alsbald
705 1009 764 1072 den
796 1009 935 1073 beiteren
958 1009 1066 1074 Jonier
1088 1032 1143 1076 ans
1166 1010 1252 1077 einer
1282 1010 1458 1077 blr'ibenden
1483 1008 1632 1077 Handels-

463 1107 546 1169 stadt
567 1128 607 1171 an
632 1106 829 1171 Kleinasiens
853 1109 983 1193 lippiger
1006 1110 1114 1187 Kiiste,
1138 1110 1197 1173 wie
1221 1111 1314 1174 schon
1340 1111 1545 1175 Mimnermus
1567 1111 1632 1176 und

463 1208 624 1270 Anacreon
650 1206 705 1269 ibn
728 1228 786 1270 uns
808 1207 930 1271 denken
952 1208 1064 1273 lassen.
1109 1210 1180 1273 Wir
1196 1210 1353 1273 erkennen
1376 1210 1450 1275 aber
1471 1210 1550 1274 auch
1573 1211 1634 1275 den

465 1306 811 1389 woblabgeschliffenen
833 1307 1043 1373 Athenienser
1067 1310 1121 1373 der
1142 1315 1284 1393 spiteren
1301 1310 1379 1391 Zeit,
1402 1311 1456 1374 der
1477 1309 1537 1374 mit
1561 1310 1632 1375 dem

461 1403 549 1467 λάθε
578 1401 702 1485 βιώσας
732 1406 865 1490 Epikurs
888 1429 941 1470 vor
961 1410 1072 1490 Augen
1095 1408 1150 1472 der
1172 1389 1232 1473 1611
1266 1409 1385 1473 diesem
1414 1410 1632 1495 empl'ohlenen

463 1505 626 1583 ἀταραξία
660 1507 840 1569 nacbstrebt
873 1506 935 1570 und
968 1508 1157 1590 wenigstens
1190 1509 1251 1572 alle
1283 1509 1459 1574 sinnliohen
1495 1510 1633 1574 Geniisso

464 1606 549 1669 einer
581 1606 798 1689 angenebmen
821 1606 969 1670 Existonn
998 1608 1062 1671 mit
1085 1608 1289 1673 ralfiniertem
1310 1609 1448 1674 Bedacht
1469 1610 1632 1674 hinunter·

463 1707 623 1771 schliirl'en
645 1706 728 1786 will;
750 1741 786 1751 -
807 1707 907 1770 lauter
928 1708 1029 1790 Ziige,
1053 1708 1104 1773 die
1124 1709 1295 1773 wiederum
1318 1710 1383 1773 mit*
1398 1710 1634 1775 Bestimmtheit

461 1808 518 1869 aul
533 1804 624 1870 6111611
646 1806 800 1870 attiscben
824 1806 953 1870 Dichter
976 1807 1181 1873 binweisen.“

545 1907 585 1970 Et
607 1906 682 1970 haec
705 1906 833 1990 quidem
847 1907 985 1971 virorum
1003 1908 1163 1994 doctorum
1182 1909 1220 1973 de
1237 1908 1489 1993 Periplecomeno
1505 1907 1632 1972 iudicia.

463 2006 580 2070 Eodem
605 2016 710 2072 autem
734 2007 825 2072 modo
855 2030 915 2092 quo
936 2009 1103 2072 Lorenuius
1126 2029 1181 2073 nos
1204 2030 1326 2093 quoquc
1347 2008 1441 2072 huius
1463 2007 1632 2090 singularis

461 2107 545 2172 senis
586 2109 765 2193 exemplum
799 2110 881 2194 apud
917 2109 1115 2195 philosophos
1150 2107 1363 2192 quaesivimus
1396 2116 1428 2171 et
1461 2107 1543 2171 sicut
1576 2107 1632 2170 illo

461 2228 567 2272 senem
595 2208 701 2292 aliqua
732 2209 861 2293 quidem
889 2231 928 2273 611
958 2218 1044 2294 parte
1067 2208 1195 2294 Epicuri
1218 2207 1409 2292 discipulum
1431 2207 1559 2288 statuit,
1587 2207 1632 2271 ita

461 2328 516 2373 nos
538 2308 738 2394 Aristippum
769 2318 823 2371 ant
852 2309 1038 2390 magistrum
1067 2317 1122 2373 ant
1153 2308 1331 2392 exemplum
1355 2307 1422 2372 eius
1444 2306 1540 2371 fuisse
1563 2329 1632 2393 pro-

463 2408 534 2472 bare
550 2408 732 2472 conabimur
747 2417 871 2473 auctore
884 2409 992 2487 Birtio‚
1016 2408 1071 2492 qui
1086 2408 1149 2472 iam
1171 2408 1293 2493 pridem
1316 2407 1350 2471 in
1364 2407 1479 2473 scholis
1501 2407 1631 2491 eandem

461 2509 499 2572 de
521 2508 684 2593 Aristippo
714 2508 923 2592 suspicionem
953 2509 1137 2573 sustinebat.
1180 2510 1219 2573 Et
1242 2509 1390 2593 profecto,
1422 2507 1582 2572 hominem
1603 2507 1631 2571 si

432 2620 441 2650 ⁹
461 2608 629 2693 depingere
651 2607 776 2672 volebat
806 2616 896 2693 poeta
908 2608 1042 2672 Graecus
1065 2609 1149 2672 vitae
1165 2609 1313 2673 fruendae
1337 2608 1522 2688 studiosum,
1546 2606 1630 2691 quis-

461 2730 534 2772 nam
565 2708 664 2790 magis
694 2716 761 2772 erat
783 2707 930 2787 idoneus,
960 2729 1054 2792 quem
1078 2708 1270 2790 imitaretur,
1304 2730 1399 2793 qnam
1429 2708 1631 2793 philosophus

461 2808 676 2891 Cyrenaicus?
719 2808 780 2872 Sed
810 2808 973 2871 mittamus
997 2808 1029 2871 in
1055 2809 1237 2872 universum
1259 2810 1316 2873 hac
1338 2809 1377 2873 de
1401 2829 1432 2871 re
1454 2807 1560 2892 loqui,
1591 2807 1628 2871 ad

462 2907 586 2990 singula
606 2909 710 2993 potius
731 2915 926 2972 transeamus
947 2916 1051 2992 atque,
1075 2908 1189 2992 quibus
1212 2909 1245 2972 in
1268 2910 1359 2973 rebus
1378 2930 1450 2973 cum
1468 2907 1630 2993 Aristippo

461 3008 635 3073 consentiat
656 3008 945 3092 PeriplecomenuS,
974 3008 1146 3073 videamus,

544 3108 609 3171 Iam
635 3108 715 3191 quod
743 3108 781 3170 ad
805 3107 916 3170 taciem
937 3108 1068 3190 attinet,
1103 3107 1347 3172 similitudinem
1378 3108 1534 3193 quandam
1563 3127 1638 3172 esse

460 3207 543 3272 inter
564 3207 764 3292 Aristippum
796 3214 827 3270 et
850 3207 1141 3292 Periplecomenum
1172 3209 1357 3273 contendere
1388 3208 1471 3272 licet.
1517 3209 1631 3285 Quam·

461 3329 555 3392 qnam
585 3308 669 3371 enim
699 3308 737 3371 de
768 3308 855 3371 illius
885 3311 984 3371 sorma
1012 3309 1052 3371 ab
1082 3307 1221 3391 antiquis
1251 3307 1454 3391 scriptoribus
1476 3307 1630 3393 expressis

460 3408 567 3473 verbis
592 3408 672 3471 nihil
688 3416 735 3471 est
754 3407 905 3470 traditum
921 3442 956 3451 -
972 3408 1034 3471 nisi
1050 3407 1131 3491 quod
1153 3409 1191 3471 ab
1203 3407 1337 3472 Alexide
1353 3408 1470 3472 comico
1486 3411 1576 3490 l‘rgm.
1588 3407 1630 3472 36

459 3508 643 3593 Aristippus
666 3511 825 3588 σοφιστής
847 3505 970 3588 εὐφυής
991 3508 1186 3587 nominatur,
1209 3507 1290 3592 quod
1314 3507 1420 3591 aliqua
1440 3506 1569 3591 quidem
1591 3527 1630 3571 611

460 3614 558 3693 parte,
581 3607 739 3692 imprimis
761 3605 884 3691 εὐφυής
905 3608 1048 3673 vocabuli
1073 3630 1151 3692 quae
1173 3608 1215 3672 sit
1236 3608 1294 3687 vie,
1310 3606 1512 3692 respicientes
1533 3605 1627 3669 etiam

460 3708 499 3772 ad
522 3707 658 3792 corporis
679 3707 822 3772 habitum
846 3712 961 3772 reterre
980 3729 1145 3794 possumus
1158 3744 1197 3753 —
1215 3717 1354 3773 attamen
1371 3707 1527 3787 omnibus,
1550 3726 1629 3790 qnae

460 3808 498 3871 de
520 3830 555 3872 eo
577 3809 760 3886 traduntur,
792 3808 952 3893 perpensis
979 3809 1064 3872 omni
1088 3830 1126 3873 611
1151 3816 1237 3893 parte
1266 3807 1427 3872 hominem
1450 3811 1628 3884 formosum,

460 3907 612 3988 validum,
645 3929 757 3972 sanum
789 3908 974 3990 cogitatione
1007 3909 1097 3973 nobis
1136 3907 1349 3973 l'ormabimus.
1404 3907 1492 3971 ldem
1523 3912 1629 3970 antem

460 4009 557 4074 etiam
579 4008 866 4093 Periplecomenus‚
890 4010 948 4072 etsi
980 4030 1077 4073 annos
1099 4009 1161 4073 iam
1185 4007 1413 4093 quinquaginta
1431 4018 1463 4070 et
1484 4012 1630 4091 quattuor

461 4115 638 4190 natusest,
667 4109 706 4171 de
734 4129 766 4172 se
796 4108 962 4190 gloriatur,
991 4117 1028 4173 nt
1048 4110 1100 4174 hic
1130 4130 1251 4194 quoque
1280 4109 1329 4173 111
1349 4108 1492 4193 pulcher,
1520 4107 1629 4170 firmus

460 4209 629 4293 valensque
650 4208 739 4273 nobis
761 4209 924 4291 fingendus
946 4210 997 4275 sit.

544 4309 589 4373 Cf.
611 4331 640 4372 v.
665 4310 842 4374 627-630:

495 4407 564 4471 Quid
583 4410 623 4461 ais
641 4408 691 4461 tul
716 4414 768 4461 tam
789 4410 837 4464 tibi
856 4426 905 4477 ego
924 4410 1015 4463 videor
1034 4410 1132 4480 oppido
1152 4406 1366 4463 Acherunticus?

494 4496 558 4547 Tam
578 4496 731 4565 capularis?
757 4500 844 4549 tamne
863 4497 912 4548 tibi
931 4496 978 4550 din
997 4498 1087 4550 videor
1105 4498 1185 4550 vitam
1207 4494 1313 4549 uivere?

495 4584 561 4636 Nam
581 4585 701 4653 equidem
721 4584 791 4636 baud
812 4601 870 4636 sum
888 4590 968 4637 natus
987 4601 1071 4638 annos
1091 4588 1196 4653 praeter
1214 4582 1408 4652 quinquaginta
1426 4585 1452 4633 et
1471 4582 1610 4649 quattuor:

496 4670 572 4724 Clare
591 4671 675 4725 oculis
696 4672 780 4737 video,
799 4673 894 4742 pernix
912 4686 970 4724 sum
990 4672 1112 4740 podibuS,
1131 4672 1253 4723 manibus
1271 4669 1386 4723 mobilis.

1424 4760 1463 4815 ,a
