4075 5717
914 675 1122 737 ..26-

430 871 520 932 aegre
542 851 723 935 impetravit
753 851 844 934 eique
867 860 1022 936 postremo
1052 852 1223 937 persuasit,
1254 858 1290 915 ut
1310 851 1378 935 ipse
1402 849 1562 933 virginem
1590 873 1610 914 a

431 953 526 1014 fratre
542 950 687 1034 postulet.
724 951 805 1014 Tum
818 950 922 1015 Philto
940 952 1044 1017 dehis
1061 953 1181 1038 nuptiis
1198 973 1303 1016 secum
1322 951 1462 1035 loquitur
1479 973 1508 1014 v.
1522 953 1609 1016 392²

614 1050 672 1102 Nou
692 1055 798 1118 optuma
820 1051 883 1103 haer
904 1056 967 1103 sunt
985 1068 1073 1120 neque
1091 1059 1122 1104 ut
1140 1068 1188 1119 ego
1207 1067 1298 1104 aecum
1318 1067 1422 1116 censeo,

608 1136 705 1188 Verum
726 1136 835 1189 meliora
853 1142 916 1189 sunt
934 1155 1012 1206 quam
1033 1155 1101 1207 quae
1120 1139 1278 1190 deterruma.

431 1239 489 1304 His
519 1261 640 1322 quoque
677 1239 710 1303 in
751 1240 894 1304 versibus
929 1242 1192 1327 compensationis
1231 1240 1411 1326 exemplum
1444 1239 1609 1303 habemus.

432 1341 509 1405 Nam
541 1340 676 1404 dolorem
709 1362 943 1424 nonnumquam
974 1344 1168 1428 perpetimur
1203 1364 1264 1408 non
1294 1341 1405 1419 solum,
1435 1348 1471 1404 ut
1499 1347 1610 1424 postea

431 1440 581 1504 maiorem
603 1440 794 1524 voluptatem
811 1462 1023 1525 assequamur,
1047 1444 1100 1508 sed
1123 1443 1230 1522 etiam,
1253 1441 1284 1506 id
1303 1442 1385 1525 quod
1404 1440 1505 1505 adhuc
1529 1461 1609 1503 non·

431 1541 506 1604 dum
525 1547 572 1604 est
594 1540 771 1625 expositum
789 1549 926 1605 attamen
949 1563 1004 1626 per
1019 1564 1052 1606 se
1071 1550 1164 1627 patet,
1187 1563 1226 1606 ue
1242 1542 1276 1606 in
1296 1541 1447 1606 maiorem
1467 1540 1609 1604 dolorem

432 1639 616 1704 incidamus.

516 1757 560 1820 cf.
590 1756 652 1821 Cic.
683 1756 712 1820 d.
746 1758 766 1820 l.
799 1757 813 1820 Ι
845 1757 901 1822 18:
937 1757 1028 1822 Idem
1058 1759 1149 1822 aiam
1180 1755 1317 1821 dolorem
1349 1776 1441 1840 saepe
1468 1754 1609 1838 perpeti·

431 1862 540 1933 rentur,
562 1874 611 1936 ee,
634 1854 664 1919 si
685 1856 721 1920 a'd
741 1876 806 1920 noa
826 1856 961 1939 faciant,
985 1860 1186 1924 incidentia
1205 1858 1368 1922 maiorem.

515 1971 628 2037 Statim
650 1983 754 2038 autem
779 1974 883 2040 Philto
905 1974 992 2040 aliud
1008 1975 1137 2062 Epicuri
1160 1976 1276 2061 profert
1298 1972 1460 2059 placitum,
1483 1972 1607 2056 dequo

431 2078 599 2156 antequam
621 2073 787 2158 disputem.
811 2075 911 2139 Stichi
934 2097 1061 2140 versum
1088 2078 1145 2140 120
1167 2085 1298 2139 tractare
1321 2073 1429 2150 velim,
1453 2071 1606 2156 quicum

431 2170 486 2235 illo
509 2171 688 2236 Trinummi
711 2174 776 2239 loeo
797 2196 942 2257 magnam
966 2175 1061 2239 habet
1083 2175 1339 2254 similitudinem,
1375 2172 1524 2237 utillum
1547 2193 1606 2256 per

434 2270 516 2334 hunc
540 2271 739 2358 interpretari
761 2273 925 2359 possimus
977 2275 1119 2360 Antipho
1149 2297 1187 2338 ex
1209 2272 1374 2359 Pamphila
1396 2280 1428 2336 et
1448 2270 1606 2356 Panegyri

433 2369 567 2449 filiabus,
601 2379 707 2436 utrum
729 2373 881 2455 virginem
916 2374 1030 2439 melius
1069 2376 1111 2438 sit
1143 2375 1176 2438 in
1214 2372 1451 2438 matrimonium
1490 2372 1606 2436 ducere

432 2470 563 2554 quaerit,
586 2493 626 2536 an
648 2473 785 2551 viduam,
809 2495 940 2558 quarum
962 2475 1060 2538 altera
1081 2474 1247 2559 respondet
1269 2472 1457 2557 Panegyris:

500 2568 605 2630 Quanta
624 2587 680 2623 mea
699 2573 857 2641 sapientiast

504 2656 542 2708 ux
561 2656 637 2709 malis
657 2657 746 2710 multis
766 2658 863 2711 malum
883 2660 953 2728 quod
970 2661 1154 2725 -minumumst,
1173 2660 1199 2711 id
1219 2659 1361 2710 minumest
1381 2656 1486 2709 malum.

433 2741 563 2825 Epicuri
595 2743 747 2827 placitum
783 2745 826 2809 ita
858 2756 984 2810 auctum
1019 2747 1178 2820 videmus,
1212 2753 1246 2809 ut
1279 2744 1399 2808 malum
1422 2741 1605 2822 minimum,

432 2842 531 2925 quod,
552 2850 588 2907 ut
610 2843 714 2907 maius
736 2845 937 2927 effugiamus,
968 2846 1149 2928 eligendum
1172 2853 1237 2923 est,
1251 2844 1378 2908 omnino
1401 2843 1521 2907 malum
1542 2864 1605 2907 nou

435 2940 499 3005 iam
522 2943 707 3010 nominetur.
722 2943 746 3025 ¹)

518 3061 607 3126 Nnno
627 3062 666 3125 ad
688 3063 866 3127 Philtonem
889 3063 1062 3140 redeamus,
1086 3062 1140 3146 qui
1162 3085 1191 3126 v.
1214 3062 1277 3125 394
1298 3058 1416 3145 pergit:

605 3161 656 3214 Sed
678 3162 727 3215 hoc
745 3179 826 3214 unum
847 3163 999 3216 consolatur
1018 3179 1058 3214 me
1079 3169 1158 3230 atque
1177 3162 1292 3214 animum
1314 3177 1408 3225 meum,

608 3247 676 3310 Quia
695 3249 739 3316 qui
759 3249 796 3300 nil
817 3249 898 3313 aliud,
917 3249 968 3301 nisi
989 3249 1059 3316 quod
1081 3249 1131 3300 sibi
1152 3247 1201 3300 soli
1221 3246 1318 3315 placet,

608 3334 729 3387 Consulit
747 3335 887 3387 advorsum
906 3334 999 3399 filium,
1018 3351 1103 3402 nugas
1122 3335 1191 3401 agit:

609 3421 688 3472 Miser
706 3438 738 3472 ex
759 3421 847 3473 animo
865 3421 904 3482 fit,
923 3421 1019 3474 laetius
1039 3420 1093 3473 nilo
1112 3420 1184 3472 lacit.

609 3507 678 3559 Suae
698 3509 828 3560 senectuti
846 3509 869 3560 is
889 3509 1014 3560 acriorem
1036 3508 1146 3559 hiemem
1166 3515 1250 3574 parat,

607 3592 691 3655 Quom
710 3594 781 3646 illam
801 3595 979 3663 importunam
999 3597 1182 3661 tempestatem
1203 3589 1349 3657 conciet.')

434 3681 479 3743 De
503 3701 594 3743 versu
616 3701 710 3760 ,suae
733 3681 885 3743 senectuti
908 3680 935 3744 is
952 3681 1103 3744 acriorem
1127 3679 1261 3747 hiemem
1285 3675 1393 3762 parat“
1416 3675 1505 3740 etde
1527 3696 1606 3740 voce

434 3778 695 3864 „tempestatem“
723 3781 835 3862 agitur.
880 3779 1025 3865 Epicurei
1057 3779 1143 3843 enim
1174 3799 1331 3842 summam
1364 3775 1605 3852 beatitudinem,

428 3901 527 3964 ‘qnam
543 3887 577 3943 ut
593 3880 839 3965 adipiscerentur
856 3889 887 3943 et
903 3879 964 3943 sibi
987 3887 1157 3959 servarent,
1174 3899 1296 3942 summo
1315 3898 1405 3961 opere
1421 3874 1606 3940 hominibus

434 3980 621 4043 studendum
657 3988 753 4056 esset,
788 3980 965 4044 statuebant
994 3979 1094 4043 animi
1126 3977 1392 4062 tranquillitatem
1425 3975 1605 4059 omniaque,

434 4101 512 4162 quae
535 4079 614 4143 hano
637 4079 789 4163 impedire
812 4087 950 4164 possunt,
973 4080 1112 4164 exempli
1143 4078 1242 4161 gratia
1275 4078 1406 4142 deorum
1428 4083 1549 4142 metum
1574 4085 1608 4140 et

434 4179 542 4244 mortis
564 4179 754 4262 similiaque,
775 4179 856 4243 sicut
877 4179 939 4243 iam
963 4181 1113 4260 vidimuS,
1136 4178 1348 4242 semovebant.
1395 4178 1492 4253 Quam
1518 4184 1607 4241 tran-

505 4412 531 4478 1)
550 4412 635 4465 Aliter
652 4412 715 4478 Leo,
733 4412 819 4466 Plaut.
838 4412 946 4477 Forsch.
965 4428 1026 4480 pag.
1046 4411 1104 4463 ll'l.

501 4497 528 4564 2)
548 4497 624 4551 Hunc
643 4498 728 4551 locum
749 4497 851 4552 Birtius
868 4499 932 4551 mihi
950 4498 1087 4553 indicavit.
