4075 5717
909 824 1116 886 ,54-

429 999 511 1065 attic
520 1000 564 1065 od
573 1001 741 1066 ceritatem.
773 1004 813 1066 92
832 1001 912 1066 Cum
923 1010 1027 1067 cutem
1039 1002 1180 1067 omnium
1191 1023 1299 1066 rorum
1309 1000 1469 1066 simulatio
1484 1004 1599 1066 vitiosa

429 1107 473 1165 est
496 1137 536 1147 -
558 1101 638 1166 tollit
659 1103 743 1166 caim
770 1103 926 1167 indicium
947 1105 1017 1168 ocri
1038 1104 1132 1189 idque
1155 1104 1316 1168 adstiterat
1337 1138 1395 1181 -‚
1430 1109 1496 1167 tam
1519 1105 1601 1167 cmi·

429 1202 522 1266 citicc
549 1209 706 1285 repagact
734 1204 888 1283 Μακέντα
912 1203 990 1268 dolat
1012 1205 1095 1267 enim
1117 1204 1288 1281 ceritatem,
1311 1204 1380 1267 siae
1401 1225 1464 1288 quo
1487 1225 1601 1269 acmen

430 1302 588 1365 amicitiae
609 1300 798 1366 colerence
816 1309 923 1382 potest.

511 1418 562 1483 Ab
584 1419 692 1483 eadem
714 1419 886 1500 sententia,
916 1442 978 1503 qua
1000 1419 1145 1483 iubemur
1174 1418 1327 1498 amicum,
1360 1420 1386 1483 si
1418 1420 1493 1504 quid
1517 1444 1600 1485 oom-

430 1518 562 1600 miserit,
585 1518 735 1601 castigare
756 1519 861 1583 Plauti
881 1519 1086 1582 Trinummus
1108 1518 1238 1604 incipit:

625 1619 746 1671 Amicum
765 1620 896 1688 castigare
915 1620 948 1671 ob
968 1619 1087 1671 meritam
1106 1620 1211 1671 noxiam

624 1706 774 1758 Inmoenest
793 1705 906 1772 iacinuS,
925 1722 1014 1758 verum
1035 1706 1062 1757 in
1082 1709 1168 1758 aetate
1189 1707 1255 1760 utile

625 1791 658 1843 Et
677 1791 852 1845 conducibile.
880 1809 941 1844 narn
961 1809 1009 1859 ego
1027 1794 1140 1845 amicum
1159 1792 1237 1846 hodie
1256 1811 1341 1848 meum

625 1877 818 1946 Concastigabo
837 1895 885 1947 pro
904 1880 1057 1932 commerita
1075 1880 1155 1932 noxia

625 1964 736 2031 Invitus,
754 1966 783 2017 ni
801 1964 828 2017 id
848 1981 888 2018 me
908 1966 1002 2018 invitet
1020 1969 1051 2017 ut
1069 1966 1164 2019 faciam
1183 1966 1258 2019 fides.

432 2067 642 2148 ,Commerita
663 2076 768 2132 autem
791 2066 918 2149 noxia,“
951 2089 1045 2152 quam
1068 2069 1192 2134 Callicli
1220 2069 1341 2134 obicere
1370 2070 1440 2134 uult
1461 2071 1598 2152 Megaro-

432 2168 531 2247 nides,
561 2189 596 2231 ea
612 2178 668 2247 est,
688 2169 767 2252 quod
782 2169 987 2233 Lesbonicum
1003 2169 1096 2233 amici
1110 2170 1286 2234 Charmidis
1303 2170 1404 2233 filium
1422 2179 1600 2254 corrumpat

432 2268 482 2332 vel
516 2268 672 2353 corrumpi
706 2267 798 2332 sinat.
850 2269 959 2352 Neque
991 2267 1072 2332 hanc
1110 2270 1346 2352 castigationem
1378 2271 1507 2334 moleste
1539 2273 1599 2335 fert

432 2368 587 2449 Callicles,
609 2369 664 2453 qni
686 2391 715 2433 v.
738 2371 778 2433 95
799 2369 900 2433 amico
922 2369 1103 2454 respondet:

571 2486 664 2555 Siquid
684 2486 752 2539 sceis
770 2502 811 2539 me
830 2486 925 2539 fecisse
943 2486 1039 2538 inseite
1058 2490 1104 2538 aut
1122 2487 1250 2554 improbe,

571 2572 599 2625 Si
617 2572 644 2624 id
662 2588 717 2625 non
735 2588 776 2624 me
795 2587 913 2637 accusas
932 2575 989 2624 tute
1007 2572 1065 2640 ipse
1084 2572 1265 2640 obiurgandus
1286 2588 1323 2625 ee.

432 2661 543 2724 Persae
567 2680 689 2744 quoque
711 2681 740 2723 v.
758 2661 818 2723 595
840 2661 901 2723 huc
923 2658 1069 2744 pertinet.
1113 2658 1279 2736 Lenonem‚
1303 2659 1357 2743 qui
1380 2682 1399 2723 a
1420 2660 1514 2725 Persa
1536 2661 1600 2726 vir·

432 2759 536 2843 ginem
559 2767 721 2844 empturus
743 2758 866 2838 statim,
897 2758 972 2842 quid
995 2758 1038 2822 sit
1060 2758 1214 2844 pretium,
1245 2759 1377 2843 quaerit,
1408 2782 1601 2844 quamquam

434 2880 514 2942 „quo
536 2881 648 2942 genere
668 2867 723 2923 aut
746 2881 807 2943 qua
836 2859 869 2922 in
892 2858 993 2943 patria
1015 2866 1088 2922 nata
1110 2859 1153 2922 sit
1174 2866 1228 2921 aut
1250 2858 1364 2941 quibus
1387 2861 1599 2944 parentibus,“

432 2959 548 3042 nescit,
570 2959 699 3024 Toxilus
721 2980 829 3023 servus
851 2960 1014 3036 admonet,
1038 2968 1073 3022 ut
1094 2967 1184 3022 antea
1207 2959 1245 3022 de
1267 2958 1334 3022 illis
1357 2960 1449 3023 rebus
1472 2960 1601 3027 Persam

432 3060 548 3123 interro
571 3068 618 3122 et:

455 3154 510 3211 To:
536 3080 613 3221 Tgace,
632 3161 704 3209 tace:
729 3157 809 3209 nimis
828 3162 858 3208 tu
876 3156 981 3225 quidem
1003 3154 1090 3208 hercle
1109 3156 1186 3208 homo
1206 3156 1304 3209 stultus
1324 3174 1351 3210 es
1371 3158 1517 3226 pueriliter.

473 3240 507 3295 Iu:
536 3242 604 3305 Quid
623 3242 682 3295 ita?
717 3241 772 3295 'I'oz
792 3242 859 3305 Quia
878 3243 950 3294 enim
968 3246 995 3294 te
1015 3258 1047 3294 ex
1066 3242 1155 3310 puella
1175 3243 1248 3310 prius
1268 3245 1417 3312 percontari
1437 3245 1495 3298 volo

538 3329 611 3393 Quae
630 3329 663 3381 ad
682 3346 735 3382 rem
755 3329 886 3381 referunt.
923 3325 962 3380 Is:
987 3328 1075 3395 Atque
1095 3329 1181 3382 hercle
1200 3334 1230 3381 tu
1249 3346 1290 3382 me
1309 3331 1434 3383 monuisti
1453 3331 1506 3383 hau
1526 3331 1603 3384 male.

538 3415 605 3467 Vide
625 3415 671 3481 sis,
690 3431 738 3482 ego
758 3414 802 3466 ille
822 3415 916 3467 doctus
935 3414 995 3466 lene
1015 3430 1099 3482 paene
1117 3416 1145 3465 in
1164 3415 1265 3468 foveam
1286 3415 1381 3481 decidi,

537 3502 570 3554 Ni
584 3502 627 3554 hic
639 3499 755 3553 adesses.
775 3508 901 3568 quantum
913 3505 953 3553 est
964 3500 1095 3554 hominem
1107 3502 1218 3553 amicum
1236 3502 1370 3568 adbibere,
1384 3504 1429 3555 ubi
1440 3502 1503 3571 quid
1516 3519 1603 3570 geras.

435 3588 540 3652 Simili
562 3588 653 3653 modo
675 3588 806 3652 Poenuli
827 3609 857 3651 v.
881 3587 960 3653 1338
982 3587 1084 3672 Lycus
1107 3587 1176 3651 leno
1200 3588 1371 3653 exclamat:

629 3688 766 3755 Decipitur
784 3703 861 3739 nemo
881 3704 938 3740 mea
957 3688 1063 3755 quidem
1083 3688 1224 3753 sententia,

630 3774 681 3835 Qui
698 3775 754 3826 suis
774 3774 866 3826 amieis
884 3779 975 3826 narrat
994 3778 1064 3827 recte
1084 3791 1125 3827 res
1145 3790 1225 3827 suas:

630 3860 695 3912 Nam
716 3861 838 3913 omnibus
858 3861 949 3914 amieis
968 3862 1034 3913 meis
1053 3862 1121 3913 idern
1141 3877 1222 3913 unum
1243 3861 1375 3925 convenit,

630 3945 665 3998 Ut
681 3962 722 3997 me
742 3946 912 4015 suspendam,
931 3963 964 3999 ne
984 3946 1092 3999 addicar
1110 3947 1286 4013 Agorastocli.

437 4032 618 4116 „Decipitur
639 4031 773 4096 nemo?“
810 4033 985 4113 Nimirum,
1009 4034 1083 4117 quia
1105 4056 1176 4098 eum
1199 4041 1327 4099 monent
1348 4032 1459 4113 amici,
1492 4052 1603 4115 neque,

436 4131 463 4195 si
486 4131 560 4215 qnid
583 4132 678 4196 stulte
702 4134 840 4196 facturus
863 4142 917 4212 est,
943 4135 1041 4197 lacere
1064 4134 1181 4198 sinunt.

517 4248 662 4313 Bacchid.
692 4271 722 4314 v.
744 4250 806 4313 494
827 4269 872 4334 sq.
903 4250 1093 4315 Philoxenus
1115 4250 1345 4347 Mnesilochum
1373 4250 1511 4314 amioum
1534 4249 1603 4331 filii,

436 4369 529 4432 quern
552 4358 730 4433 corruptum
754 4357 853 4435 putat,
875 4350 1032 4417 hortatur:

471 4454 640 4521 Mnesiloche,
660 4456 709 4508 hoc
725 4460 811 4508 tecum
833 4473 887 4522 oro,
905 4462 935 4509 ut
953 4457 1026 4510 illius
1046 4458 1161 4510 animum
1181 4461 1260 4525 atqua
1279 4457 1415 4525 ingenium
1434 4471 1525 4523 regas:

471 4540 551 4593 Serva
570 4541 619 4593 tibi
638 4541 754 4594 sodalem
775 4546 801 4594 et
819 4542 882 4594 mihi
899 4542 991 4595 filium.

436 4636 466 4691 et
488 4627 580 4712 paulo
602 4636 686 4713 pest:
