4075 5717
1026 686 1228 749 ..10..

627 863 759 939 Quinam
790 871 864 926 sunt
891 863 1050 941 homines,
1084 886 1160 948 quos
1183 864 1263 948 quod
1296 863 1397 943 diem,
1430 873 1569 942 noctem,
1608 863 1727 941 solem,

525 963 651 1026 lunam
674 984 839 1028 aerumnas
861 963 1023 1028 hominum
1047 965 1150 1028 levare
1168 985 1256 1048 posse
1273 965 1437 1042 confidant,
1461 964 1573 1028 stultos
1597 963 1728 1028 iudicat

544 1062 707 1140 Charinus-
743 1072 930 1146 etquenam
963 1065 1000 1128 de
1035 1087 1126 1128 causa
1156 1065 1257 1128 illisce
1288 1063 1467 1128 notionibus
1497 1072 1616 1126 tantam
1652 1063 1727 1127 vim

545 1162 745 1226 attribuunt?
799 1165 881 1240 Quas
913 1165 940 1228 si
974 1165 1101 1229 omnino
1142 1164 1262 1248 aliquid
1300 1163 1403 1227 valere
1436 1163 1627 1227 credendum
1664 1173 1728 1244 est,

545 1273 680 1327 mentem
704 1273 734 1327 et
757 1265 907 1328 rationem
932 1265 1045 1329 habere
1067 1266 1198 1344 debent,
1222 1265 1279 1329 hoc
1301 1275 1348 1327 est
1370 1263 1401 1328 di
1424 1263 1600 1348 accipiendi
1625 1273 1728 1343 sunt3

543 1371 574 1426 et
597 1364 692 1427 luisse
716 1364 798 1427 inter
817 1364 963 1448 antiquos
985 1365 1200 1450 philosophos,
1225 1365 1278 1448 qui
1304 1365 1383 1428 hanc
1406 1364 1534 1448 professi
1557 1363 1623 1427 sint
1648 1384 1728 1428 sen-

542 1463 690 1543 tentiam,
721 1464 797 1527 satis
827 1472 934 1527 notum
957 1473 1012 1529 est.
1058 1467 1100 1530 Ut
1122 1465 1416 1543 Anaximandrum,
1440 1464 1619 1543 Platonem,
1644 1465 1727 1528 Ari·

543 1563 695 1644 stotelem,
718 1573 835 1628 ceteros
847 1565 1000 1643 omittam,
1024 1565 1090 1628 illis
1104 1565 1306 1650 temporibus,
1329 1566 1443 1649 quibus
1456 1588 1536 1630 nova
1547 1563 1728 1646 comoedia,

544 1686 623 1749 quae
646 1673 786 1742 vocatur,
809 1666 929 1743 floruit,
953 1665 1048 1729 Stoici
1072 1674 1102 1729 et
1125 1665 1182 1728 soli
1206 1675 1237 1728 et
1260 1665 1352 1730 lunae
1375 1674 1407 1729 ct
1427 1675 1528 1730 terrae
1550 1672 1581 1728 et
1604 1665 1728 1728 ceteris

544 1765 699 1828 sideribus
723 1787 782 1829 non
813 1766 914 1830 solum
941 1766 1093 1830 rationem
1124 1773 1339 1848 mentemque,
1371 1767 1425 1830 scd
1456 1767 1550 1830 etiam
1574 1764 1725 1828 divinam

544 1873 687 1928 naturam
710 1875 929 1950 apposuerunt.

612 1967 674 2030 uf.
698 1966 855 2030 Ciceronis
874 1967 902 2029 d.
923 1966 952 2029 d.
973 1988 1003 2029 n.
1025 1964 1106 2028 139:
1138 1962 1210 2026 lam
1233 1985 1302 2027 uero
1325 1963 1536 2049 Chrysippeos,
1558 1967 1613 2050 qui
1637 1965 1727 2029 Stoi-

542 2084 651 2128 corum
687 2067 881 2129 somniorum
927 2065 1132 2146 vaferrumus
1172 2063 1306 2127 babetur
1346 2067 1517 2148 interpres,
1566 2086 1725 2148 maenam

540 2164 666 2228 larbam
704 2171 870 2250 conprepat
903 2166 1080 2244 iunctorum
1119 2163 1267 2243 deorum,
1309 2173 1403 2246 ratario
1443 2167 1488 2228 ita
1525 2167 1724 2250 iunctorum,

541 2269 576 2328 ut
605 2285 653 2328 eos
681 2287 720 2330 ne
749 2267 929 2329 coniectura
956 2266 1082 2346 quidem
1111 2264 1288 2346 informare
1311 2267 1489 2349 possimus,
1527 2255 1597 2329 curn
1627 2287 1725 2330 mens

542 2372 652 2428 nostra
682 2366 809 2447 quiduis
836 2367 984 2430 uideatur
1012 2367 1196 2447 capitatione
1218 2385 1308 2444 posse
1338 2367 1521 2450 depinpere:
1554 2367 1599 2429 au
1632 2368 1725 2430 enim

542 2467 605 2528 cim
626 2466 769 2529 (lirinum
800 2467 836 2528 in
862 2468 987 2529 ratione
1009 2487 1073 2528 esse
1099 2468 1235 2549 positam
1266 2472 1294 2528 et
1327 2466 1361 2528 in
1391 2467 1558 2529 uniuersae
1579 2472 1725 2531 naturae

543 2566 650 2628 animo
671 2572 764 2650 atque
786 2574 892 2644 urente,
919 2569 1081 2651 insanaque
1104 2566 1259 2628 mundum
1284 2567 1373 2641 deum
1397 2566 1473 2628 dicit
1501 2587 1564 2629 esse
1591 2573 1618 2628 et
1647 2567 1724 2632 eius

543 2667 645 2728 animi
664 2665 821 2747 fusionem
844 2668 1041 2743 uniuersam,
1070 2672 1136 2728 tum
1165 2667 1232 2727 eius
1262 2666 1367 2745 ipsius
1394 2668 1627 2750 principatum,
1662 2670 1725 2752 qui

544 2766 580 2828 in
609 2772 710 2829 mente
739 2772 766 2829 et
799 2768 922 2830 ratione
952 2773 1110 2845 cereata,
1145 2786 1395 2850 comumnemque
1424 2787 1530 2854 rerum
1563 2774 1725 2832 naturam

543 2867 840 2950 universitatemque
861 2868 967 2930 omnia
997 2867 1219 2942 continentem,
1253 2872 1319 2929 tum
1348 2864 1482 2946 fatalem
1510 2887 1657 2929 normam
1694 2874 1725 2931 et

544 2967 759 3029 necessitatem
780 2987 886 3029 rerum
913 2966 1117 3048 futurarum,
1149 2968 1252 3050 ipnem
1272 2972 1435 3046 praeterea
1458 2972 1485 3028 el
1508 2987 1592 3044 eccm,
1625 2988 1722 3051 quem

544 3074 617 3129 ante
633 3067 711 3143 diri,
729 3066 866 3144 aethera,
884 3073 950 3130 tum
966 3088 1012 3144 ea,
1035 3087 1115 3151 perae
1134 3074 1254 3129 natccra
1268 3067 1409 3146 fluerent
1426 3073 1518 3147 atque
1536 3075 1722 3145 manarent,

543 3175 578 3230 ut
597 3173 624 3230 et
645 3189 761 3252 aqiram
785 3174 812 3230 et
832 3174 950 3231 terram
972 3175 999 3231 et
1024 3189 1120 3244 aaa,
1153 3167 1265 3243 solem,
1296 3165 1424 3240 lunam,
1457 3167 1566 3230 sidera
1588 3167 1723 3230 uniuer-

543 3254 726 3346 sitatemque
742 3289 859 3344 rerunt,
882 3269 1066 3352 quaomnia
1085 3267 1326 3346 continerentur,
1349 3273 1440 3350 atque
1462 3267 1555 3329 etiam
1574 3266 1723 3331 domines

544 3388 603 3444 eos,
626 3369 682 3448 qui
702 3368 969 3433 immortalitatem
991 3375 1091 3432 essent
1111 3367 1271 3443 consecuti.
1283 3364 1308 3446 ¹)

627 3469 724 3544 Quam
763 3469 876 3532 acriter
914 3463 1017 3532 autem
1053 3468 1132 3531 hanc
1171 3467 1346 3530 doctrinam
1380 3464 1577 3529 defenderint
1607 3465 1720 3545 Stoici,

549 3568 699 3632 l'acillime
721 3569 793 3632 inde
815 3590 980 3652 possumus
999 3568 1191 3650 intellegere,
1216 3568 1294 3649 quod
1312 3566 1477 3630 Cleanthes
1498 3565 1720 3629 Aristarchum

544 3668 702 3745 Samium,
733 3668 787 3751 qui
809 3677 1003 3732 astronomus
1025 3677 1138 3731 terram
1166 3666 1347 3750 dupliciter,
1378 3677 1409 3730 et
1430 3666 1547 3729 circum
1570 3687 1661 3728 axem
1688 3674 1721 3729 et

545 3770 660 3832 circum
680 3768 776 3831 solem
791 3789 823 3831 se
840 3777 1017 3833 convertere
1035 3767 1242 3844 contenderat,
1267 3765 1308 3839 ὠς
1329 3769 1483 3828 κινοῦντα
1505 3767 1565 3826 τοῦ
1587 3763 1722 3843 κόσμου

544 3869 603 3948 τήν
624 3866 738 3930 ἑστίαν
759 3868 791 3931 in
810 3868 961 3931 indicium
975 3869 1106 3932 vocavit.
1119 3866 1145 3945 ²)
1191 3868 1254 3931 lloc
1276 3867 1452 3931 Stoicorum
1474 3866 1633 3928 decretum
1657 3864 1722 3929 imss

546 3970 654 4052 probat
677 3968 847 4045 Charinum
880 3989 1047 4050 quemnam
1071 3971 1219 4030 secutus?
1255 3967 1434 4051 Epicurum.
1478 3967 1508 4028 ls
1538 3965 1622 4028 enim
1655 3988 1721 4032 non

545 4069 645 4133 solum
668 4068 808 4131 divinam
833 4076 973 4131 naturam
993 4068 1149 4131 sideribus
1170 4067 1372 4146 abiudicavit,
1395 4065 1449 4128 sed
1467 4065 1562 4129 etiam
1577 4064 1724 4131 animata

545 4191 581 4231 ea
603 4189 668 4231 esse
693 4172 815 4252 prorsus
839 4167 979 4248 negavit,
1011 4175 1045 4230 ut
1075 4167 1115 4230 iis
1146 4190 1184 4231 ne
1208 4166 1375 4231 minimam
1398 4165 1527 4248 quidam
1555 4164 1619 4229 vim
1644 4189 1722 4230 con-

545 4269 652 4332 cedere
676 4289 747 4331 eum
769 4267 907 4351 potuisse
929 4267 1006 4330 satis
1028 4276 1184 4351 appareat.

615 4430 640 4496 l)
659 4430 698 4484 cf.
717 4429 857 4498 Chrysipp.
877 4430 947 4498 apud
967 4430 1041 4483 Stob.
1060 4429 1143 4500 eclog.
1162 4431 1243 4484 1446
1262 4438 1288 4483 et
1308 4431 1406 4482 ibidem
1425 4429 1436 4481 Ι
1455 4429 1496 4481 66.

612 4516 640 4584 2)
660 4516 698 4569 Gi.
716 4517 786 4570 Plut.
807 4517 832 4569 d.
852 4517 869 4568 l.
889 4517 905 4568 i.
926 4533 948 4569 o.
968 4516 985 4569 l.
1005 4518 1030 4582 6,
1040 4516 1064 4570 3.
