4075 5717
918 666 1125 730 „53-

528 846 557 911 Α
587 846 762 929 Pythagora
794 843 993 930 proverbium
1031 843 1110 909 illud
1151 845 1317 910 inventum
1349 867 1416 910 esse
1448 847 1621 934 scriptores

442 945 565 1029 antiqui
582 945 725 1009 tradunt:
748 944 840 1007 necrol
862 941 904 1005 ποῖ
926 945 992 1006 τῶν
1018 943 1134 1025 φίλων,
1158 945 1239 1029 qnod
1262 945 1357 1030 primi
1375 955 1483 1031 poetae
1505 950 1621 1032 tragici

444 1051 627 1129 receperunt
645 1080 685 1088 —
706 1046 746 1107 el.
772 1043 933 1129 Euripidis
956 1042 1054 1107 Orest.
1079 1067 1107 1108 v.
1130 1046 1208 1109 735:

546 1136 808 1211 συγκατασκάπτοις
826 1137 862 1193 ἄν
883 1135 965 1212 ἡμᾶς·
987 1137 1071 1194 κοινὰ
1090 1137 1145 1214 γὰρ
1165 1138 1198 1195 τὰ
1216 1141 1270 1195 τῶν
1289 1143 1377 1211 φίλων
1394 1173 1428 1183 -

441 1230 555 1294 deinde
576 1231 665 1295 Plato
694 1230 818 1315 saepius
847 1229 1020 1294 citavit-
1052 1232 1089 1294 cl.
1112 1230 1241 1294 Phaedr.
1264 1252 1294 1315 p.
1317 1232 1425 1295 2790:
1459 1231 1514 1295 καὶ
1545 1233 1624 1313 ἐμοῑ

445 1333 552 1391 ταῦτα
575 1329 744 1409 συνειίχου·
769 1329 860 1391 κοινοί
881 1329 942 1410 γάρ
963 1328 1005 1390 σοί
1028 1331 1094 1391 σοῖν
1115 1328 1219 1412 φίλων
1229 1328 1255 1410 1)
1273 1366 1323 1405 -‚
1345 1339 1412 1396 tum
1429 1332 1620 1399 Aristoteles

447 1430 604 1516 repetivit.

530 1529 947 1604 cf.Eth.Nio.v11111‚1:
976 1526 1031 1588 καί
1060 1527 1263 1610 ἠπαροιμία
1285 1529 1397 1611 „noted
1422 1530 1466 1593 rol
1489 1530 1617 1614 arrad

441 1627 559 1709 ὀρθῶς,
583 1629 618 1690 ἐν
639 1631 791 1710 κοινωνίᾳ
809 1628 870 1707 γυὶρ
891 1625 911 1709 ἡ
933 1625 1035 1709 φιλία.
1045 1625 1073 1707 ²)

524 1727 772 1812 Theophrastum
795 1747 916 1811 quoque
939 1727 997 1791 hcc
1019 1727 1182 1811 proverbio
1204 1749 1296 1792 nsum
1319 1729 1417 1793 fuisse
1439 1750 1456 1793 e
1476 1729 1562 1793 Plut.
1584 1731 1616 1794 d.

442 1831 510 1892 lrat.
532 1850 594 1893 am.
617 1827 848 1892 addiscimus:
887 1815 923 1889 εὖ
954 1830 1016 1906 μὲν
1048 1816 1124 1888 εἶπε
1146 1825 1377 1910 Θεόφραστος,
1406 1827 1448 1902 οἷς
1469 1827 1500 1891 εί
1521 1828 1617 1892 κοινοὶ

440 1928 483 1989 τιν’
506 1926 609 2008 φίλιον
624 1931 708 2005 ἐστί,
730 1925 877 2008 μάλιστα
891 1927 947 1989 δεῖ
955 1924 1079 1999 κοινοιίς
1093 1929 1159 1988 τῶν
1174 1925 1278 2008 φίλων
1296 1918 1381 1991 εἶναι
1395 1929 1473 2001 σονς
1489 1928 1614 2011 φίλους.

525 2029 592 2092 Duc
615 2024 673 2091 loci
695 2035 817 2090 exstant
839 2027 921 2112 apud
946 2026 1095 2106 comicos,
1125 2026 1180 2090 uhi
1202 2027 1259 2091 hoc
1281 2028 1482 2112 proverbium
1505 2029 1613 2114 ipsum

442 2127 636 2193 invenimus:
660 2126 798 2212 primum
820 2126 984 2191 Menandri
1006 2129 1097 2209 frgm.
1118 2127 1153 2190 9:

821 2219 903 2277 κοινὰ
923 2219 956 2277 τὰ
977 2223 1144 2292 τῶνφίλων.

440 2314 553 2379 deinde
581 2313 707 2378 Terenti
735 2312 869 2397 Adelph.
900 2334 929 2375 v.
952 2312 1023 2376 804.
1066 2335 1095 2376 v.
1117 2314 1177 2377 802
1210 2313 1296 2379 enim
1325 2315 1443 2379 Demea
1471 2315 1611 2380 amicum

442 2414 610 2480 Micionem
632 2413 789 2496 obiurgat:

649 2511 759 2575 Quando
780 2528 828 2579 ego
847 2517 919 2565 tuom
939 2529 993 2565 non
1012 2529 1085 2578 curo,
1100 2530 1134 2568 ne
1153 2530 1217 2566 cura
1234 2531 1329 2568 meum.

438 2601 494 2665 Cui
517 2599 681 2684 respondet
701 2599 808 2663 Micio:

542 2698 602 2753 Non
621 2714 730 2767 aequom
751 2698 826 2764 dicis,
906 2716 966 2752 nam
986 2705 1062 2753 vetus
1082 2702 1189 2753 verbum
1208 2703 1258 2755 hoc
1277 2703 1418 2770 quidemst,

541 2785 696 2839 Communia
715 2800 773 2839 esse
790 2786 933 2838 amicornm
953 2788 1023 2838 inter
1041 2804 1068 2840 se
1088 2788 1185 2840 omnia.

437 2874 599 2937 Praeterea
625 2880 732 2936 autem
762 2871 855 2935 multi
885 2873 941 2936 alii
971 2881 1046 2938 sunt
1077 2874 1153 2953 loci,
1185 2875 1240 2958 qui
1263 2877 1394 2941 eandem
1416 2877 1609 2942 sententiam

434 2972 592 3058 praebent.
635 2971 761 3035 Etenim
793 2970 867 3054 quid
890 2971 975 3035 alind
999 2974 1056 3037 hnc
1078 2975 1240 3059 proverbio
1263 2977 1454 3061 postulatur,
1485 2977 1548 3041 nisi
1571 2986 1609 3042 nt

432 3072 518 3134 omni
541 3078 679 3154 temporo
699 3070 784 3135 omni
807 3073 897 3136 modo
918 3072 1043 3136 amicus
1066 3074 1201 3138 amicum
1225 3076 1361 3154 adiuvet,
1386 3078 1466 3160 qnod
1484 3087 1607 3162 praeter

434 3169 512 3233 alios
533 3169 755 3255 Peripateticos
778 3171 932 3253 flagitasse
957 3194 1011 3257 per
1032 3195 1064 3236 se
1088 3173 1195 3257 patet?

518 3268 563 3332 cf.
584 3268 683 3333 Arist.
702 3270 772 3334 llth.
793 3271 860 3337 Nic.
873 3272 950 3335 VIII
971 3276 996 3350 l,
1009 3276 1047 3337 2:
1072 3273 1107 3335 ἐν
1126 3277 1226 3355 πενίᾳ
1247 3296 1283 3334 τε
1305 3274 1359 3335 καὶ
1383 3276 1454 3346 ταῖς
1474 3274 1607 3350 λοιπαῖς

436 3367 627 3447 δυστυχίαις
656 3369 761 3450 μόνην
794 3369 917 3433 οἴονται
948 3372 1142 3457 καταφυγήν
1175 3363 1260 3435 εἶναι
1292 3373 1366 3446 τούς
1398 3372 1520 3454 φίλους.

433 3467 473 3531 Et
499 3467 570 3532 Eth.
592 3467 662 3532 Nic.
686 3469 731 3532 IX
753 3470 831 3547 8,9:
861 3470 915 3532 καί
935 3470 1089 3551 χρήματα
1112 3473 1257 3552 προοῖντ’
1280 3470 1323 3536 ἄν
1345 3473 1397 3556 ἐφ’
1418 3461 1445 3534 ni
1467 3473 1606 3537 πλείονα

428 3561 602 3654 λήψονται
624 3565 656 3630 ol
677 3568 773 3649 φίλοι.
816 3574 955 3651 γίγνεται
976 3574 1038 3653 γαρ
1061 3577 1106 3654 τῷ
1128 3578 1190 3649 μὲν
1212 3574 1295 3656 φίλῳ
1316 3570 1485 3656 χρήματα,
1515 3574 1607 3656 αὐτῷ

436 3665 474 3729 δὲ
498 3667 536 3729 τὸ
558 3667 667 3732 καλόν.
706 3668 744 3730 ad
768 3669 810 3748 dr)
832 3673 942 3750 μεῖζον
963 3672 1097 3753 α’γαέίόν
1120 3673 1226 3754 ἑαυτῷ
1246 3675 1416 3755 α’πονέμει.

517 3767 564 3831 Ae
585 3789 668 3832 nunc
690 3770 772 3853 apud
796 3779 901 3855 poetas
924 3773 1058 3838 comicos
1079 3796 1130 3839 eos
1161 3775 1242 3840 locos
1273 3796 1396 3839 mecum
1423 3775 1602 3860 perlustres,

434 3865 466 3930 in
490 3868 604 3950 quibus
627 3868 678 3932 vel
701 3868 782 3932 illud
805 3872 1001 3953 proverbium
1020 3875 1120 3940 obiter
1138 3875 1347 3957 significatum
1365 3874 1414 3938 vel
1432 3874 1603 3939 adiuvandi

431 3975 630 4052 praeceptum
655 3969 760 4033 datum
784 3968 938 4035 videmus

515 4066 660 4132 Conseras
683 4068 821 4153 primum
845 4069 967 4155 Diphili
987 4076 1076 4156 srgm.
1099 4076 1157 4139 102
1179 4075 1281 4158 (Kock
1302 4076 1333 4139 ll
1355 4095 1422 4158 pag.
1447 4072 1539 4154 573):

641 4160 741 4237 ἀνδρὸς
759 4168 842 4234 φίλου
861 4170 909 4222 καὶ
927 4172 1081 4241 συγγενοῦς
1099 4169 1154 4246 γὰρ
1174 4173 1266 4229 οἰκίαν

644 4245 732 4306 αυτοῦ
750 4255 876 4325 νομίζειν
893 4254 939 4308 δεῖ
954 4251 1002 4310 τὸν
1020 4253 1112 4329 ὀρθῶς
1130 4255 1241 4334 εὖγενῆ·

499 4401 526 4468 l)
545 4401 584 4455 Ol.
602 4401 664 4472 hys.
684 4420 710 4473 p.
728 4403 810 4471 2070,
827 4406 917 4462 notra.
936 4408 972 4461 IV
991 4426 1016 4480 p.
1035 4409 1086 4463 449
1095 4425 1117 4476 c,
1136 4410 1198 4483 Leg.
1212 4410 1238 4464 V
1256 4429 1281 4482 p.
1303 4413 1384 4468 7390.

498 4487 526 4561 2)
545 4488 584 4548 ot
602 4489 662 4546 nn.
680 4489 737 4546 Nic.
757 4491 796 4545 IX
814 4492 840 4560 8,
858 4492 883 4549 2.
