4075 5717
931 708 1118 748 -,-

438 859 476 919 τό
499 859 559 938 γαρ
581 857 743 939 μακάριον
764 860 817 920 καὶ
846 857 1027 943 ἄφθαρτον
1050 865 1147 943 ζῷον,
1179 863 1437 944 πεπληρωμένον
1466 887 1502 925 τε
1527 867 1611 926 πᾶσι

438 965 504 1033 τοῖς
536 959 677 1040 dyadem
707 960 761 1021 καὶ
794 964 895 1024 κακοῦ
926 948 1055 1035 παντιὶς
1080 961 1237 1044 ἄδεκτον,
1269 960 1345 1027 ὅλον
1378 959 1416 1028 ὅν
1445 963 1521 1043 περὶ
1550 964 1612 1044 τήν

439 1061 582 1142 σοιοχιῇν
603 1064 658 1144 τῆς
681 1059 767 1134 ἰδίας
788 1061 997 1139 εὐδαιμονίας
1025 1085 1061 1125 τε
1082 1064 1136 1125 καὶ
1159 1063 1356 1146 ἀφθαρσίας
1370 1063 1612 1146 ἀνεπιστρεφές

439 1163 509 1223 ἐστι
531 1164 597 1222 τοῖν
616 1162 840 1241 ἄνθρωπίνων
863 1161 1077 1242 πραγμάτων.
1089 1163 1115 1245 l)

520 1263 649 1325 Prorsus
671 1264 778 1326 eadem
802 1264 840 1326 de
863 1286 964 1344 causa,
988 1264 1202 1349 voluptatibus
1221 1264 1296 1347 quia
1316 1285 1439 1348 semper
1456 1266 1609 1342 fruantur,

438 1363 564 1425 deorum
589 1363 656 1426 vita
681 1364 769 1427 beata
790 1364 947 1427 iudicatur
968 1365 1051 1449 apud
1072 1364 1266 1444 Terentium,
1290 1365 1389 1428 Andr.
1412 1387 1441 1427 v.
1460 1364 1531 1442 959,
1555 1363 1609 1426 ubi

438 1462 621 1545 Pamphilus
644 1483 675 1525 se
699 1463 803 1546 ipsum
828 1484 949 1548 quoque
972 1464 1183 1537 immortalem
1207 1465 1348 1527 futurum
1365 1485 1432 1528 esse
1450 1463 1609 1546 gloriatur,

440 1560 499 1622 nisi
525 1562 636 1641 gaudio
659 1583 713 1626 suo
737 1563 898 1644 aegritudo
920 1564 962 1626 sit
985 1564 1208 1627 intercessura:

543 1660 598 1727 Ego
618 1661 725 1713 deorum
747 1662 826 1714 vitam
846 1668 987 1730 eapropter
1006 1664 1192 1732 sempiternam
1213 1678 1270 1716 esse
1289 1663 1412 1728 arbitror,

542 1747 616 1809 Quod
637 1747 786 1815 voluptates
806 1765 894 1802 eorum
916 1751 1039 1817 propriae
1058 1757 1135 1812 sunt3
1154 1766 1215 1802 nam
1235 1750 1269 1801 mi
1289 1748 1474 1802 immortalitas

543 1833 657 1898 Partast,
676 1834 698 1884 si
719 1833 793 1885 nulla
812 1836 950 1903 aegritudo
970 1837 1032 1890 huic
1051 1837 1149 1904 gaudio
1168 1836 1356 1888 intercesserit.

438 1920 574 1983 Perbene
596 1929 700 1983 autem
723 1920 853 1999 accidit,
886 1925 1049 1987 utstatim
1074 1923 1217 1987 hocloco
1245 1921 1373 2003 iudicii,
1403 1921 1484 2005 quod
1515 1941 1609 2005 supra

436 2020 474 2082 de
500 2020 636 2084 locorum
657 2020 951 2105 philosophicorum,
975 2045 1051 2106 quos
1073 2024 1106 2087 in
1130 2022 1246 2086 fabulis
1265 2021 1421 2086 Plautinis
1444 2030 1475 2084 et
1492 2021 1607 2084 Teren·

435 2120 531 2183 tianis
555 2120 705 2202 legimuS,
736 2122 856 2205 origine
879 2123 1020 2204 fecimuS,
1052 2123 1247 2208 praeclarum
1267 2123 1441 2199 habeamus
1465 2121 1606 2185 testimo·

436 2219 534 2283 nium.
578 2220 667 2283 Hauc
689 2221 774 2284 enim
797 2224 983 2287 sententiam
1008 2245 1068 2288 non
1091 2223 1271 2287 aTerentio
1286 2243 1353 2286 esse
1368 2223 1530 2290 inventam
1552 2220 1605 2283 sed

435 2340 473 2382 ex
497 2321 660 2384 Menandri
682 2321 788 2385 sabula
811 2322 998 2402 „Eunucho“
1028 2324 1067 2387 ab
1089 2345 1124 2388 eo
1146 2344 1212 2386 esse
1235 2323 1417 2387 translatam
1441 2322 1529 2385 docet
1552 2341 1606 2384 nos

434 2420 583 2499 Donatus,
615 2421 669 2505 qui
692 2422 731 2485 ad
763 2422 845 2486 hunc
867 2424 1006 2488 Andriae
1037 2445 1161 2489 versum
1190 2424 1334 2487 adnotat:
1371 2421 1465 2484 Hanc
1485 2426 1604 2483 scrutem-

432 2521 510 2583 ta‘cm
532 2526 628 2584 totam
651 2520 830 2587 Menandri
850 2524 889 2588 de
909 2523 1067 2589 Eunucho
1090 2524 1264 2589 transtulit.

516 2620 576 2683 Sed
608 2621 770 2686 redeamus
792 2624 830 2687 ad
862 2626 990 2690 deorum
1023 2626 1131 2689 vitam.
1176 2624 1212 2688 lli
1240 2622 1367 2689 omnino
1399 2620 1443 2684 nil
1476 2618 1603 2694 faciunt,

434 2719 532 2784 nullis
551 2722 805 2806 occupationibus
828 2734 901 2788 sunt
925 2726 1095 2810 implicati,
1126 2724 1212 2788 nulla
1235 2745 1325 2809 opera
1350 2720 1539 2796 moliuntur,
1571 2717 1603 2780 iu

434 2820 673 2900 intermundiis,
704 2844 781 2905 quae
804 2833 971 2906 vocantur,
1002 2825 1159 2903 habitant,
1193 2845 1225 2888 se
1248 2824 1331 2908 ipsos
1354 2818 1604 2903 contemplantur

433 2942 549 3004 suaque
574 2923 763 3005 praestantia
792 2924 936 3004 garrdem.
980 2924 1115 2988 Mundus
1144 2933 1250 2988 autem
1281 2923 1321 2986 iis
1348 2943 1408 2986 non
1432 2930 1480 2985 est
1501 2941 1602 2997 curae,

432 3020 486 3103 qui
518 3022 807 3105 administratione,
848 3045 918 3087 cum
949 3025 1057 3088 omnia
1088 3047 1143 3110 per
1176 3046 1209 3088 se
1250 3024 1343 3102 fiant,
1385 3021 1473 3085 nullo
1512 3021 1603 3085 modo

432 3120 561 3204 indiget.
1131 3161 1133 3163 -

515 3224 559 3287 Cf.
582 3224 673 3306 frgm.
687 3223 748 3287 359
769 3223 973 3309 (Hippolytus
997 3224 1170 3308 philosoph.
1183 3225 1233 3305 2⁶2,
1245 3223 1264 3287 3
1278 3244 1345 3308 pag.
1363 3223 1462 3301 5725
1482 3220 1601 3303 lliels):

430 3324 490 3386 adu
511 3325 548 3387 δὲ
569 3324 654 3386 θεὸν
674 3323 840 3404 ὁμολογῶν
862 3321 1076 3406 (Ἐπίκουρος)
1105 3313 1189 3385 εἶναι
1210 3323 1320 3385 α’ίδιον
1340 3323 1394 3385 καὶ
1423 3317 1603 3404 ἄφθαρτον

432 3425 513 3507 φησι
544 3424 685 3507 μηδενός
717 3429 884 3504 προνοεῖν,
925 3424 979 3486 καὶ
1013 3421 1094 3497 ὅλος
1126 3421 1287 3506 πρόνοιαν
1323 3422 1369 3509 μή
1403 3413 1488 3485 εἶναι
1518 3423 1602 3504 μηδὲ

431 3523 647 3608 εἱμαρμένην,
680 3524 766 3587 dud
795 3523 909 3586 πάντα
941 3524 1179 3607 αὐτοματισμῷ
1210 3529 1372 3606 γίνεσθαι.
1425 3527 1602 3607 καθῆσθαι

430 3625 493 3704 γαρ
516 3626 575 3687 τὸν
596 3626 682 3687 θεὸν
704 3625 740 3686 ἐν
761 3627 829 3698 τοῖς
847 3630 1080 3705 μετακοσμιόις
1097 3621 1182 3688 οὕτω
1195 3624 1403 3705 καλουμένοις
1417 3624 1474 3687 ὑπ’
1488 3623 1601 3688 αὐτοῦ.

431 3726 493 3798 ἔξω
515 3722 577 3804 γάρ
602 3748 632 3786 τι
653 3727 713 3788 τοιῖ
739 3723 865 3809 κόσμον
894 3723 1073 3811 οἰκητήριον
1093 3728 1153 3789 τοῦ
1177 3727 1263 3789 θεοῦ
1285 3726 1385 3788 ἔθετο
1406 3716 1491 3788 εἶναι
1512 3723 1600 3806 λεγό-

431 3847 531 3904 μενοι·
552 3825 594 3885 τα
617 3822 834 3905 μετακόσμια.
878 3821 1024 3907 ἣδεσθαι
1046 3827 1083 3888 δὲ
1107 3826 1160 3888 καὶ
1183 3823 1358 3907 ἡσυχάζειν·
1385 3825 1422 3887 ἐν
1446 3828 1486 3906 τῇ
1507 3823 1601 3905 ἄκρο-

430 3922 513 4006 τοὶτῃ
537 3922 735 4009 εὐφροσύνῃ,
768 3925 823 3987 καὶ
853 3921 929 3987 οὔτε
956 3926 1058 3988 αὐτὸν
1087 3923 1267 4007 πράγματα
1296 3926 1382 4005 ἔχειν
1404 3919 1480 3989 οὔτε
1512 3920 1601 4006 ἄλλῳ

431 4033 595 4103 παρεχειν.

515 4126 704 4189 Hominibus
728 4147 828 4208 neque
850 4125 1015 4209 quicquam
1042 4126 1113 4189 boni
1144 4127 1279 4189 alleruut
1301 4146 1401 4210 neque
1429 4125 1522 4207 mali,
1551 4124 1597 4189 nil

431 4246 482 4288 eos
504 4232 614 4303 curant
642 4226 694 4288 sed
719 4226 845 4289 omuino
869 4225 1056 4308 neglegunt3
1087 4247 1189 4309 neque
1219 4225 1319 4308 magis
1349 4223 1507 4289 beneficiis
1534 4246 1598 4289 mo·

431 4333 546 4388 ventur
569 4346 663 4408 quam
686 4324 813 4389 iniuriis
835 4333 866 4388 et
887 4346 926 4388 ne
947 4345 1053 4409 preces
1075 4324 1204 4408 quidem
1225 4323 1407 4408 respiciunt.

500 4508 526 4578 r)
546 4508 584 4561 cr.
603 4510 679 4580 rrgm.
697 4509 748 4564 aaa
774 4510 877 4580 (dicero
896 4511 921 4564 a
941 4511 966 4564 a
984 4528 1011 4564 n.
1030 4511 1042 4564 r
1061 4511 1104 4578 50,
1123 4511 1178 4580 ar).
