4075 5717
924 653 1108 715 ..9-

434 836 499 897 Iam
529 833 609 916 quod
640 832 733 895 deum
757 831 915 895 hominem
947 853 1002 916 per
1034 833 1192 897 bominem
1223 833 1374 913 adiuvare
1403 842 1533 916 negatur
1565 835 1604 897 ab

435 934 585 1018 Epicurea
607 933 748 997 doctrina
771 933 902 996 minime
930 934 1085 997 abhorret.
1131 934 1209 996 Nam
1231 933 1290 997 etsi
1314 933 1451 1017 primum
1475 933 1621 1017 quidem.

433 1035 464 1097 id
480 1042 602 1097 tanturn
622 1033 754 1097 dicitur:
777 1033 880 1111 deum,
904 1033 930 1095 si
949 1032 1069 1097 homini
1090 1033 1245 1096 auxilium
1263 1035 1343 1096 ferre
1359 1033 1445 1114 velit,
1466 1033 1603 1098 hominis

432 1135 551 1198 auxilio
573 1134 705 1198 minime
736 1133 894 1216 indigere,
925 1142 1030 1196 tamen
1063 1133 1154 1196 facile
1185 1154 1252 1197 eam
1284 1153 1407 1217 quoque
1436 1134 1603 1198 subaudire

432 1255 597 1319 possumus
620 1234 810 1297 sententiam
832 1234 924 1296 deum
948 1232 1076 1296 omnino
1098 1232 1241 1296 homines
1264 1254 1324 1296 non
1340 1233 1499 1297 adiuvare.
1543 1233 1602 1297 Sed

432 1335 489 1397 hae
519 1336 556 1396 de
589 1356 621 1397 re
644 1333 781 1397 dubitari
808 1354 895 1418 posse
918 1332 1061 1397 concedo.
1105 1332 1149 1396 Ea
1170 1341 1292 1411 autem,
1321 1355 1400 1416 quae
1422 1341 1605 1417 sequuntur,

434 1456 556 1517 prorsus
589 1456 659 1497 curn
692 1433 818 1518 Epicuri
853 1434 996 1516 dogmate
1031 1432 1238 1496 consentiunt.
1295 1433 1330 1496 ld
1364 1433 1449 1497 enirn
1491 1433 1604 1518 ipsum,

434 1534 592 1598 hominem
615 1532 701 1597 nullo
725 1534 832 1613 modo,
856 1555 956 1617 neque
980 1533 1142 1618 precibus,
1166 1554 1266 1616 neque
1289 1533 1394 1611 sacris,
1418 1555 1518 1616 neque
1537 1556 1605 1617 my-

433 1634 537 1709 steriis
561 1635 649 1711 deos,
681 1642 717 1697 ut
745 1634 806 1697 sibi
840 1635 1068 1717 obsequantur,
1099 1655 1186 1718 posse
1209 1656 1421 1714 commovere,
1455 1634 1607 1718 Epicurus

433 1734 554 1810 docuit,
583 1734 634 1816 qui
660 1743 849 1818 quantopere
871 1756 921 1798 eos
944 1735 1125 1799 hominibus
1147 1734 1337 1819 praestantia
1359 1742 1390 1798 et
1414 1734 1606 1798 beatitudine

433 1833 614 1897 antecedere
632 1833 775 1910 voluerit,
795 1855 889 1918 supra
909 1834 1057 1900 vidimus
1102 1835 1221 1912 Quibus
1233 1821 1271 1897 de
1283 1834 1384 1898 causis
1397 1834 1491 1898 etiarn
1505 1835 1538 1898 in
1557 1834 1605 1898 his

434 1933 574 1997 versibus
586 1934 759 1998 doctrinam
773 1935 958 2018 Epicuream
975 1936 1097 2020 aliquid
1115 1935 1251 1998 valuisse
1264 1942 1400 1998 statuere
1412 1956 1473 2009 non
1486 1934 1604 1998 dubito.

520 2034 609 2098 Nunc
631 2034 669 2097 ad
681 2034 830 2100 Plautum
844 2036 1079 2114 descendamus,
1102 2036 1184 2120 apud
1204 2056 1297 2119 quern
1311 2034 1489 2099 Mercatoris
1503 2057 1531 2098 v.
1547 2037 1606 2099 627

432 2135 716 2223 intermundiorum
742 2137 934 2202 mentionem
957 2158 1023 2200 esse
1048 2140 1159 2200 iactam
1183 2135 1337 2199 videmus.
1381 2135 1535 2204 Charinus
1558 2135 1603 2199 ibi

433 2257 523 2316 aegre
550 2239 617 2312 fert,
647 2237 728 2319 quod
751 2237 911 2321 Eutychus
935 2237 1050 2303 sodalis
1072 2237 1206 2301 amicam
1230 2237 1387 2320 quandam
1410 2235 1469 2301 non
1493 2237 1606 2301 emerit

434 2357 568 2418 eumque
591 2336 749 2421 increpat:

642 2437 785 2489 Perdidisti
804 2455 844 2489 me
863 2444 889 2490 et
908 2438 985 2490 fidem
1007 2455 1108 2491 mecum
1128 2444 1209 2491 tuam.

422 2523 598 2606 Eutychus
620 2545 652 2588 se
675 2525 831 2589 defendit:

644 2625 676 2676 Di
696 2626 784 2678 sciunt
803 2625 907 2694 culpam
929 2642 1012 2677 meam
1034 2626 1121 2678 istanc
1138 2640 1191 2677 nou
1210 2641 1269 2676 esse
1288 2624 1378 2676 ullam.

451 2709 607 2764 Charinus:
644 2712 742 2779 Eugae,
766 2728 859 2780 papae.

643 2799 711 2850 Deos
730 2799 832 2851 absent
814 2804 848 2850 trs
868 2799 928 2850 test
921 2816 943 2850 rs
964 2814 1106 2850 memoras:
1127 2799 1172 2866 qui
1193 2813 1241 2864 ego
1260 2798 1329 2849 istuc
1349 2796 1452 2849 credam
1473 2796 1541 2848 tibi?

438 2885 634 2949 liiabsnnt?
681 2885 868 2949 Nimirum
861 2907 893 2949 rn
924 2884 1148 2948 intermundiis
1178 2883 1321 2948 habittan
1343 2907 1394 2955 ac
1426 2884 1453 2947 si
1485 2892 1608 2982 propter
1655 2880 1764 3034 {p
1741 2882 1768 2943 i

434 2985 554 3048 absent'
532 2995 609 3047 tram
641 2985 765 3068 culpam
796 2985 915 3049 nescire
946 2985 1111 3062 dicuntur,
1147 3005 1186 3048 ne
1216 2984 1387 3068 respiciunt
1408 2983 1535 3068 quidem
1560 3003 1608 3046 res
1653 2986 1660 3037 i

437 3084 609 3148 hominum

521 3187 565 3248 lie
588 3186 637 3248 dis
660 3185 803 3250 homines
827 3185 872 3249 nil
902 3186 1125 3250 adiuvantibus
1152 3185 1256 3268 agitur
1280 3185 1393 3248 deinde
1416 3183 1605 3248 Bacchidum

436 3307 464 3348 v.
488 3287 558 3362 638,
583 3285 635 3348 ubi
660 3285 869 3350 Mnesilochus
891 3286 1100 3363 lamentatur:

649 3386 738 3453 Egone
758 3391 788 3437 ut
807 3402 883 3454 opem
904 3386 967 3437 mihi
985 3386 1053 3437 ferre
1073 3391 1162 3454 putem
1183 3400 1261 3453 posse
1280 3385 1385 3452 inopem
1406 3383 1448 3436 te?

437 3473 626 3536 Pistoclerus
648 3472 768 3536 amicus
790 3473 970 3556 respondet:

646 3572 715 3624 Tace
735 3572 825 3624 modo:
852 3573 918 3624 deus
937 3573 1062 3640 respiciet
1079 3588 1129 3625 nos
1148 3571 1253 3639 aliquis.

437 3656 644 3710 Mnesilochus:
682 3658 782 3725 Nugae.

521 3746 663 3809 Tertium
676 3745 846 3829 Epicureae
868 3746 906 3808 de
928 3745 977 3809 dis
999 3745 1157 3810 doctrinae
1179 3745 1351 3826 vestigium
1373 3744 1552 3808 invenimus
1574 3743 1607 3807 in

440 3847 529 3910 initio
554 3845 742 3922 Mercatoris
765 3868 844 3929 quae
867 3847 972 3910 fabula
995 3847 1051 3921 hoc
1075 3847 1164 3910 modo
1187 3845 1317 3930 incipit:

456 3943 615 3998 therinus:
653 3947 725 3997 Duas
744 3961 785 3998 res
805 3946 882 3998 simui
902 3962 974 3998 nunc
992 3963 1070 4014 agere
1089 3946 1251 3999 decretumst
1270 3946 1347 3997 mihi:

648 4033 680 4084 Et
699 4039 882 4099 argumentum
903 4039 929 4085 et
948 4049 1019 4086 meos
1040 4049 1143 4086 amores
1162 4033 1278 4101 eloquar.

649 4120 707 4171 Non
726 4134 775 4186 ego
795 4119 856 4171 item
876 4119 954 4185 facio,
973 4127 1002 4170 ut
1022 4119 1088 4172 alios
1107 4119 1134 4170 in
1156 4118 1299 4170 comoediis

654 4206 685 4256 Vi
705 4205 759 4257 ridi
778 4205 874 4259 amoris
893 4205 988 4270 facere,
1007 4207 1053 4274 qui
1072 4210 1119 4258 aut
1136 4205 1208 4259 nocti
1227 4210 1274 4258 aut
1294 4206 1331 4258 dii

648 4295 703 4345 Aut
722 4292 771 4346 soli
791 4295 837 4344 aut
855 4292 935 4344 lanae
954 4292 1074 4345 miserias
1093 4299 1204 4345 narrant
1222 4308 1298 4345 suas:

650 4379 721 4442 Quos
741 4380 783 4447 pol
804 4394 852 4446 ego
872 4378 950 4431 credo
969 4378 1099 4431 humanas
1120 4379 1298 4447 querimonias

649 4466 707 4517 Non
729 4466 797 4517 tanti
816 4465 911 4529 iacere,
930 4465 993 4532 quid
1013 4464 1096 4516 velint
1117 4465 1179 4533 quid
1199 4481 1253 4518 non
1271 4465 1361 4518 velint.

648 4551 729 4605 Vobis
748 4551 862 4605 narrabo
881 4553 971 4620 potius
991 4568 1062 4604 meas
1079 4567 1152 4603 nunc
1170 4552 1299 4605 miserias.
